2367 3684
463 309 532 350 uren
553 310 590 351 or
609 309 730 352 susm.
994 295 1049 355 lul

144 448 328 525 ooujeotores
341 448 471 525 AEgypti,
487 461 516 507 et
528 451 656 508 narrttvit
669 450 726 508 illis
740 449 901 522 somnium3
923 461 953 509 at
964 470 1051 510 nemo

143 532 261 602 poterat
274 527 345 584 illud
360 527 551 602 interpretari.

183 603 275 663 uano
288 606 442 679 praefectus
461 608 667 682 pincernarum
681 607 753 664 dixit
766 607 828 683 regi
841 627 847 664 :
870 614 889 640 “
902 607 1051 666 Confiteor

142 689 300 758 peonitum
311 703 425 743 meum:
447 704 536 759 quum
549 704 606 760 ego
619 694 649 742 et
659 686 811 759 praefectus
821 686 960 760 pistorum
975 691 1052 746 esso·

134 779 212 822 mus
222 762 254 816 iu
267 765 399 832 carcere,
411 767 546 836 uterque⁰
561 764 767 820 somniavimus
780 765 880 821 eidem
895 776 990 822 nocte.

185 845 204 870 “
217 839 289 895 Erat
309 840 349 895 ibi
370 859 441 914 puer
462 841 616 911 Hebraeus,
630 842 680 916 qui
701 843 785 899 nobis
805 843 949 916 sapienter
965 843 1051 900 inter·

143 923 275 992 pretitns
294 929 339 974 est
358 919 491 989 somnia3
515 936 562 976 res
584 919 663 976 enirn
684 920 949 996 interpretationem
973 939 1051 978 oom-

143 996 306 1070 probivit.”
588 1015 593 1024 ’

258 1153 304 1210 15.
331 1152 437 1228 Josept
450 1154 603 1228 interprets
618 1155 663 1212 tlte
677 1153 789 1228 King¹s
803 1154 937 1213 Dromos.

184 1288 254 1362 Rex
275 1290 424 1358 arcessivit
447 1289 620 1365 Josephum,
640 1293 725 1364 quue
749 1291 874 1349 narravit
897 1299 1050 1366 utrumque

145 1367 298 1425 somnium.
353 1367 433 1424 Tum
455 1368 602 1445 Josephus
622 1367 786 1425 Pharaoni:
818 1375 836 1399 “
849 1368 991 1443 Duplex,”
1009 1370 1050 1426 in·

145 1447 217 1520 quit,
233 1447 408 1503 “somnium
424 1465 511 1503 unam
528 1457 612 1522 atque
626 1445 747 1504 eandem
762 1462 822 1502 rem
837 1445 998 1522 signifieat.

185 1525 332 1598 “Septem
347 1544 444 1584 vaccae
456 1526 580 1600 pingues
601 1536 629 1581 et
643 1535 752 1598 septem
769 1524 855 1598 spicoe
876 1525 968 1599 plenae
983 1536 1050 1581 sunt

144 1611 253 1676 septem
268 1603 348 1658 anui⁶
360 1604 499 1660 ubertatis
512 1621 577 1658 mox
587 1607 713 1659 venturae
726 1622 732 1658 :
754 1615 862 1676 septem
870 1601 941 1660 'vero
954 1622 1049 1658 vaooae

145 1681 307 1738 macilentae
321 1691 350 1736 et
362 1693 473 1756 septem
493 1682 580 1756 spioae
602 1682 690 1738 exiles
705 1692 771 1736 suut
791 1681 909 1738 totidem
929 1681 996 1737 anni
1011 1681 1049 1738 fa·

145 1758 209 1828 mis,
225 1778 288 1832 quoe
304 1760 463 1815 ubertatem
478 1764 613 1818 secutura
627 1773 678 1815 est.

185 1843 203 1867 ‘⁴
216 1835 328 1910 Inique,
343 1836 417 1908 rex?
432 1837 554 1911 praetice
568 1838 621 1894 toti
643 1837 770 1913 AEgypto
784 1838 875 1895 virum
890 1839 1048 1913 sapientem

144 1923 174 1970 et
188 1914 371 1986 industrium,
386 1916 434 1988 qui
455 1926 566 1988 partem
587 1917 699 1991 frugum
722 1915 871 1973 recondat⁶
888 1917 918 1973 in
939 1917 1048 1974 horreis

245 2227 291 2283 16.
318 2226 423 2302 Josept
436 2227 461 2283 is
475 2227 554 2285 made
572 2228 711 2285 Overseer
724 2226 762 2304 of
777 2227 820 2284 att
831 2227 947 2304 Egypt.

183 2363 263 2441 Regi
274 2364 384 2440 placuit
394 2365 563 2437 consilium;
585 2386 674 2442 quare
685 2367 757 2424 dixit
767 2367 785 2423 J
788 2366 897 2441 osepho
910 2387 915 2424 :
938 2365 1047 2424 “Num

144 2443 295 2517 quisquam
317 2454 360 2500 est
384 2445 414 2500 in
433 2445 561 2521 AEgypto
581 2446 625 2502 tes
645 2447 823 2522 sapientior?
850 2447 946 2503 Nemo
967 2445 1046 2504 certe

146 2522 283 2597 fungetur
298 2522 466 2593 meli'Proeillo
480 2521 626 2580 munire!

185 2607 203 2632 ‘⁸
217 2599 263 2655 En
277 2601 330 2657 tibi
344 2602 427 2656 trado
441 2620 539 2656 curam
555 2602 637 2675 regni
654 2602 737 2656 mei.'’

184 2677 264 2733 Tum
279 2678 401 2734 detraxit
415 2697 431 2733 e
447 2696 532 2732 manu
546 2680 599 2732 sua
615 2676 763 2746 annulum,
778 2685 807 2732 et
821 2676 941 2750 Josephi
956 2677 1047 2752 digtto

145 2755 266 2812 inseruit
274 2776 281 2825 ;
314 2755 407 2812 induit
432 2755 511 2811 illum
535 2765 614 2810 veste
642 2755 768 2828 byssina,
797 2753 886 2810 collot
915 2764 1046 2827 torquem

145 2851 264 2890 aureum
288 2834 490 2904 circumdedit,
505 2851 629 2906 eumque
651 2833 680 2888 iu
702 2851 788 2888 curru
813 2851 866 2889 suo
887 2832 1047 2888 secundum

144 2911 307 2969 collocavit.

183 2988 330 3064 ,Iosephus
351 3000 412 3046 erat
432 2991 550 3065 triginta
571 2989 671 3047 annos*
686 2999 780 3060 natus,
796 3007 885 3063 quum
905 3006 1047 3044 summam

142 3073 314 3141 potestatem
331 3086 427 3143 arege
443 3069 575 3143 accepit!

216 3241 231 3268 ι
242 3228 288 3268 347.
388 3241 399 3268 e
410 3230 455 3269 ³71.
555 3243 566 3271 o
578 3233 622 3271 465.
722 3243 739 3320 p
749 3231 795 3320 333:
889 3229 903 3331 p·
915 3229 958 3268 ⁴15.

388 3280 454 3319 (1⁴20.
555 3281 623 3328 1444.
914 3277 958 3317 tte.

343 3328 406 3386 14·
