2367 3684
136 395 194 455 152
360 411 813 457 exissemus-sussurim.

472 563 527 609 See
541 561 701 610 aton-4³12.

425 708 520 766 Latin
533 709 595 765 into
608 705 747 782 English.

172 837 242 895 Non
255 857 320 895 sum
334 839 375 896 ita
387 837 476 895 hebes
490 846 522 893 ut
535 837 610 893 istuc
625 837 729 893 dicam.

172 917 389 992 Epaminondas
408 915 590 988 eloquentis?
604 914 739 990 pertenit,
753 923 786 971 ut
801 913 921 972 auxilio*
943 913 1038 974 εοῦίὀ·

133 1011 196 1051 rum
212 994 425 1052 Laeedaemonii
439 994 627 1068 privarentur.

172 1072 264 1130 Pavor
278 1083 349 1143 erat,
363 1090 401 1128 ne
415 1081 509 1128 castra
522 1071 614 1127 hostis
629 1071 842 1146 aggrederetur.

126 1150 130 1154 ’
172 1152 282 1227 Adjiata
295 1169 352 1222 me,
366 1147 423 1225 qud
439 1150 467 1205 id
479 1149 528 1206 fiat
542 1148 666 1205 facilius.

171 1229 254 1286 Nihil
269 1240 324 1299 est,
339 1229 409 1302 quin
423 1226 499 1284 male
512 1227 656 1283 hamando
667 1226 757 1301 possit
771 1225 928 1302 depravari.

172 1307 285 1365 Avertit
299 1326 399 1381 equos,
411 1307 579 1382 priusquam
591 1304 699 1380 pabhla
712 1303 886 1381 gustassent‘
901 1303 1009 1381 Trojae.

171 1385 270 1462 Negat
282 1405 314 1442 se
324 1387 410 1456 scire,
424 1384 493 1442 edm
506 1395 602 1440 tamen
617 1383 693 1440 haud
710 1384 831 1459 ignoret.

172 1463 336 1535 Zenonem,
345 1482 434 1538 quum
444 1462 570 1518 Athenis
580 1479 683 1532 essem,
695 1462 848 1518 audiebam
863 1459 1037 1536 frequenter.

172 1541 270 1599 Caesar
284 1543 445 1616 equititum
459 1557 575 1596 omnem
586 1539 745 1615 premittit,
760 1539 809 1613 qui
823 1539 949 1611 videant,
965 1558 1038 1615 quas

132 1619 164 1676 in
176 1630 271 1694 partes
283 1621 336 1677 iter
350 1620 465 1676 saciant.

172 1697 273 1768 Erant,
288 1699 391 1771 quibus
406 1696 584 1771 appetentior
598 1695 695 1752 faune*
710 1695 864 1752 videretur.

172 1776 314 1832 Caninius
326 1776 378 1833 fuit
395 1775 528 1832 mirifici
542 1772 713 1850 vigilantih‚‘
727 1773 776 1848 qui
791 1792 843 1830 suo
858 1784 919 1831 toto
933 1792 1037 1832 oonsu-

132 1852 208 1910 istus
221 1872 354 1910 somnum
367 1872 426 1910 non
439 1852 553 1909 viderit.

172 1931 269 2007 Negat
276 1931 339 2006 jus‘
349 1950 423 2004 esse,
432 1931 481 2006 qui
492 1930 575 1987 miles
583 1949 642 1986 non
654 1929 700 2000 sit,
710 1937 855 2006 pugnare*
865 1948 933 1986 oum
943 1929 1034 1987 hoste.

422 2118 552 2194 English
565 2120 626 2176 into
640 2119 743 2177 Latin.

132 2247 208 2306 How
231 2248 302 2305 does
326 2247 348 2305 it
368 2249 481 2323 happen
500 2250 563 2306 that
602 2247 666 2310 Qui
678 2249 727 2321 fio,
739 2259 771 2305 ut
781 2267 867 2306 nemo
881 2259 1035 2306 contentus

170 2345 209 2382 no
223 2345 279 2383 one
299 2327 370 2384 lives
384 2328 561 2384 contentedi
643 2328 730 2384 vivo?

132 2402 180 2460 He
208 2404 377 2460 commands
397 2405 562 2462 Volusenus
603 2405 781 2463 Volusenus⁴
808 2403 915 2462 mando
938 2415 971 2462 ut
997 2405 1033 2462 ad

169 2492 200 2538 to
214 2492 312 2538 return
326 2492 357 2538 to
371 2483 438 2539 him.
642 2484 688 2540 sui
708 2494 842 2540 revertor.

130 2559 216 2616 Take
230 2578 298 2618 care
311 2561 373 2618 that
388 2561 512 2638 nothing
525 2561 561 2618 be
602 2561 683 2618 Curo
697 2581 734 2618 ne
746 2563 810 2636 quis
824 2561 849 2617 is
864 2559 972 2618 desum.

169 2641 296 2716 wanting
309 2650 339 2696 to
354 2641 422 2696 him.

131 2715 219 2774 What
239 2719 277 2775 do
297 2738 354 2792 you
375 2719 446 2775 wish
463 2719 525 2775 that
545 2717 560 2773 I
600 2717 755 2778 Quisvolo
770 2717 868 2775 faoioh

169 2797 272 2852 should
287 2797 345 2852 dot

129 2871 220 2948 Many
233 2875 331 2951 things
346 2894 394 2932 are
407 2875 443 2930 of
457 2873 561 2930 suoha
601 2871 712 2931 Multus
731 2893 777 2932 res
797 2893 860 2932 sum
881 2873 1033 2950 ejusmhdi,

169 2952 240 3009 hind
264 2954 326 3010 that
352 2972 392 3009 no
424 2971 480 3010 one
504 2972 559 3008 ean
640 2953 688 3026 qui
714 2957 807 3010 exitus
831 2971 917 3011 nemo
941 2952 1035 3026 provi·

168 3030 279 3088 soresee
292 3032 366 3088 their
378 3031 462 3088 issue.
641 3031 697 3086 deo
710 3049 836 3106 possum.
927 3053 931 3060 ·

129 3105 159 3161 Is
185 3108 265 3164 there
290 3127 345 3182 any
363 3127 419 3165 one
446 3110 511 3164 who
535 3108 560 3164 is
601 3108 650 3164 An
691 3128 754 3165 sum
786 3111 947 3183 quisquam,
982 3107 1032 3181 qui

134 3243 137 3246 ⁴
170 3183 303 3255 ignorant
316 3186 352 3240 of
359 3186 436 3242 thist
640 3185 698 3242 hid
715 3187 841 3262 ignoroi

171 3345 240 3384 1⁴30.
315 3349 411 3386 senuit.
487 3351 553 3388 0375.
657 3353 701 3392 ³71.
916 3357 982 3396 1³91.

171 3393 240 3433 94³8.
315 3395 384 3433 dm.
479 3399 554 3444 1440.
628 3365 699 3440 ht'ls.
719 3402 860 3453 snpplymm.
911 3405 976 3458 7⁶³oe
