2367 3684
328 337 506 382 uacuas.
516 351 558 366 -
567 338 766 394 accusatura,
779 321 841 379 dcc.
981 317 1039 378 143

461 487 522 534 ⁸00
535 487 703 534 all-418.

423 631 519 692 Latin
531 633 593 691 into
606 631 745 708 English.

169 763 286 821 Codrus
298 780 331 820 se
345 761 375 818 in
388 761 514 819 medios·
529 760 650 818 immisit
662 759 768 818 hostes.

170 841 267 898 Proba
279 841 338 897 vita
351 840 398 896 via
410 849 455 897 est
467 839 498 896 in
512 839 628 896 ooelum.

171 920 265 976 Stoici
292 917 455 975 diviserunt
482 922 619 975 naturam
642 915 768 974 hominis
795 915 826 973 in
854 917 982 973 anImum
1008 923 1038 974 at

130 1016 354 1134 W'llllldanlius
367 1074 422 1131 fuit
433 1073 640 1150 perindulgens
655 1073 684 1131 in
697 1081 817 1149 patrem.

170 1152 283 1211 Milites
295 1152 423 1211 Casiris
435 1153 490 1209 suh
503 1163 632 1210 montem
646 1151 819 1223 succedunt.

171 1229 322 1288 Miltiaides
348 1231 467 1300 insulas,
495 1249 559 1305 que
589 1226 734 1304 Cyclades
760 1228 956 1300 nominantur,
983 1228 1037 1286 sub

132 1308 357 1368 Atheniensium
371 1309 486 1385 redegit
497 1313 679 1383 potestatem.

171 1387 293 1456 Consul,
309 1405 385 1461 equo
405 1385 509 1444 citato⁵
529 1386 628 1443 subter
652 1403 765 1442 rourum
787 1384 913 1442 hostium
934 1383 969 1442 ad
990 1401 1038 1442 oo·

131 1466 231 1524 hortos
242 1466 399 1522 advehitur.

171 1544 256 1600 Plato
269 1544 459 1619 cupidititem
471 1543 570 1600 subter
582 1541 744 1617 precordia
755 1540 869 1600 locivit.

171 1621 266 1680 Dolor
279 1623 309 1679 in
323 1621 457 1678 maximis
469 1621 552 1678 malis
566 1621 690 1678 ducitur.

172 1701 252 1757 Aves
266 1699 397 1775 quaedam
410 1718 442 1756 se
457 1699 487 1756 in
500 1699 573 1755 mari
586 1707 728 1776 mergunt.

94 1832 98 1838 .
172 1778 339 1837 Decemviri
352 1778 433 1854 leges
445 1778 476 1835 in
490 1777 646 1834 duodicim
661 1777 767 1836 tabidis
781 1777 968 1852 scripserunt.

173 1859 258 1934 Saepe
272 1867 315 1914 est
328 1856 416 1914 etiarn
430 1858 484 1912 snb
497 1855 615 1931 palliolo
628 1855 745 1914 sordido
760 1855 907 1931 sapientia

422 2041 553 2119 English
565 2044 626 2102 into
640 2043 742 2102 Latin.

131 2168 241 2227 Darius
254 2166 328 2225 built
348 2186 366 2223 a
382 2166 484 2242 bridge
497 2184 565 2224 over
606 2165 714 2224 Darius
733 2185 806 2242 pons
823 2167 899 2225 facio
914 2167 944 2226 in
964 2166 1038 2226 Ister

171 2247 222 2304 the
235 2247 310 2304 riser
323 2244 407 2302 Ister.
646 2244 775 2302 flumen.‘

131 2323 242 2382 Verres
261 2323 333 2380 used
360 2332 391 2380 to
417 2322 490 2380 hare
509 2340 566 2381 one
606 2323 713 2380 Verres
724 2326 833 2382 corona
843 2324 951 2381 habeo⁶1
963 2342 1038 2382 unus

172 2403 292 2480 garland
317 2421 395 2478 upon
415 2401 461 2458 his
480 2401 564 2474 head,
645 2401 676 2460 in
688 2413 783 2478 caput,
796 2403 866 2461 alter
878 2403 908 2460 in
920 2402 1036 2460 collum.

173 2481 294 2538 another
309 2499 386 2556 upon
399 2480 445 2537 his
458 2480 544 2538 neck.

131 2558 232 2618 Cesar
253 2558 414 2634 compelled
429 2559 479 2615 the
499 2575 566 2614 ene·
605 2559 704 2616 Caesar
741 2557 832 2616 hostis
858 2559 912 2615 sub
939 2577 1039 2616 murus

172 2647 272 2772 ιιιζῃῑο
292 2637 352 2694 halt
371 2635 497 2694 beneath
517 2634 566 2691 the
647 2636 775 2692 consisto
788 2653 872 2711 cogo.

174 2734 201 2772 w
241 2757 248 2771 .

130 2794 162 2851 A
173 2793 272 2850 drawn
284 2791 379 2850 sword
393 2791 485 2868 hangs
498 2808 566 2848 over
607 2788 771 2848 Destriotus
790 2791 867 2848 ensis
888 2785 973 2866 super
988 2790 1040 2848 im·

174 2870 247 2948 (his)
260 2871 385 2945 impious
398 2869 484 2928 neck.
644 2869 710 2944 pius
737 2868 844 2926 cervix'
857 2869 979 2946 pendeo.

129 2948 235 3008 Youth
254 2949 344 3024 easily
358 2948 406 3006 fall
427 2949 489 3006 into
509 2948 566 3006 dis-
605 2946 707 3006 Facild
736 2947 766 3004 in
795 2949 913 3005 morbus
939 2946 1039 3006 incido

171 3045 262 3085 cases.
647 3026 822 3086 adolescens.

4 3124 5 3145 ¹
130 3104 231 3164 Cesar
250 3103 398 3162 withdrew
412 3104 457 3161 his
471 3104 565 3164 forces
605 3105 700 3181 Copia
721 3125 790 3162 suus
804 3105 902 3163 Caesar
923 3103 953 3162 in
974 3121 1039 3181 pro·

171 3183 266 3242 totha
279 3192 394 3241 nemost
407 3182 467 3241 hill.
643 3184 708 3260 pior
722 3184 805 3242 collis
816 3183 957 3242 subduco.

205 3350 278 3394 caro.
377 3351 444 3391 1447.
567 3351 636 3393 1347.
741 3353 811 3394 aaut.
911 3353 972 3401 sahi·
