2367 3684
138 298 207 359 112·
373 315 804 360 nunciata-accusem.

516 466 571 514 see
585 467 658 516 41⁰.

433 612 527 671 Latin
539 613 601 670 into
614 610 754 688 English.

176 739 342 798 Ariovistus
356 741 392 798 ad
406 741 553 798 Caeslrem
567 740 679 816 legatos
692 739 789 797 mittit.

176 819 269 876 Pauci
282 819 402 876 veniunt
416 819 451 874 ad
465 823 654 875 senectntem.

175 895 388 971 Neoptolemus
403 897 479 971 apud
492 896 691 970 Lycomedem
705 905 766 952 erat
780 895 930 956 educatus.

176 976 294 1032 AttIcus
308 975 436 1049 sepultus
450 985 493 1030 est
504 975 586 1048 juxta
598 975 675 1031 viam
688 974 825 1049 Appiam.

162 1053 266 1130 *Rosoe
281 1053 393 1128 fulgent
406 1052 480 1109 inter
493 1050 563 1108 lilia

177 1130 232 1188 Est
245 1131 348 1207 ingens
361 1129 490 1206 gelidum
503 1129 587 1186 lucus
600 1147 691 1205 prope
708 1147 830 1188 amnem.

176 1208 230 1265 Vir
245 1210 338 1266 bonus
348 1209 483 1266 virtatem
496 1225 546 1282 per
561 1225 593 1264 se
608 1217 692 1265 amat.

178 1287 276 1344 Caesar
290 1286 469 1343 Divitiacum
484 1287 519 1342 ad
534 1304 565 1343 se
579 1286 677 1343 vocari
690 1286 780 1361 jubet.

177 1364 273 1440 Prope
286 1364 432 1422 Calendas
445 1365 570 1421 Sextiles
582 1373 654 1438 puto
668 1363 728 1422 me‘
744 1363 899 1423 Laodiceae
910 1363 995 1422 sore.⁸

177 1441 365 1500 Democritus
385 1459 503 1498 causam
528 1441 663 1516 explicat,
685 1460 737 1498 eur
754 1452 825 1514 ante
851 1442 947 1502 lucem
974 1443 1045 1520 galli

138 1519 266 1578 canant?

178 1599 416 1694 Vergasillaunus
430 1607 495 1673 post
509 1607 637 1656 montem
651 1617 683 1656 se
697 1599 864 1656 occultavit.

178 1677 260 1734 Pone
274 1687 388 1734 montes
401 1677 541 1750 Riphaeos
561 1695 633 1753 gens
652 1676 732 1753 degit
745 1677 823 1748 felix,
845 1694 918 1752 quos
932 1677 1047 1754 Hyper·

139 1755 246 1813 boreos
260 1755 464 1830 appellavere!

178 1833 320 1891 Amicitia
331 1843 375 1890 eat
387 1848 439 1909 per
453 1851 485 1890 se
497 1843 527 1890 et
539 1841 656 1908 propter
670 1850 701 1890 se
715 1831 896 1910 expetenda⁶

432 2019 563 2096 English
576 2019 638 2078 into
652 2019 754 2078 Latin.

139 2150 229 2210 Thou
243 2151 316 2210 shalt
331 2170 384 2226 sup
397 2151 467 2208 with
481 2168 535 2208 me.
612 2149 662 2206 'l'u
678 2148 752 2224 apud
766 2167 821 2226 ego
835 2169 927 2209 coeno.

139 2230 207 2289 The
234 2231 401 2288 Helvetians
421 2228 492 2286 send
513 2248 571 2286 am·
613 2227 742 2285 Helvetii
759 2228 873 2305 legatus
887 2229 923 2287 ad
943 2229 968 2288 is
981 2230 1048 2288 mit·

178 2310 330 2366 bassadors
342 2320 373 2365 to
387 2308 455 2365 him.
653 2315 692 2364 to.

139 2385 281 2445 Lentulus
292 2387 348 2443 had
363 2384 493 2442 watched
505 2403 573 2442 oon·
613 2383 755 2442 Lentlilus
787 2395 891 2460 praeter
924 2405 1047 2446 eonsue-

178 2474 255 2539 trary
270 2474 300 2520 to
314 2463 387 2542 (his)
402 2474 524 2520 eustom.
652 2463 723 2520 indo
736 2463 833 2540 vigilo.

140 2541 208 2600 The
232 2544 312 2600 earth
338 2552 421 2600 turns
448 2540 529 2598 itsell'
545 2561 573 2598 a·
612 2539 707 2598 Terra
717 2541 828 2598 circum
844 2543 1047 2601 axissuisum·

178 2622 273 2678 round
282 2621 346 2701 (its)
358 2621 418 2678 axis
427 2619 496 2677 with
504 2638 571 2696 very
651 2637 716 2677 mus
730 2620 862 2679 celeritas
876 2636 1022 2678 convene.

179 2711 260 2776 great
273 2700 405 2774 velocity.

139 2777 230 2854 Many
253 2799 269 2834 a
296 2778 394 2834 victim
421 2776 492 2834 shall
522 2775 570 2833 fall
612 2773 724 2832 Multus
747 2781 794 2832 tus
815 2786 881 2834 ante
902 2795 951 2834 ara
971 2775 1046 2834 cado

180 2857 279 2914 before
292 2857 341 2932 thy
357 2857 435 2913 altar.
652 2853 761 2912 hostia..

139 2933 172 2992 Is
180 2934 217 2992 he
231 2935 256 2991 is
271 2935 358 2991 about
377 2933 428 2990 the
447 2932 570 3004 marlot,
612 2929 646 2987 Si
667 2932 742 3006 apud
766 2931 860 2989 forum
881 2951 956 3004 sum,
978 2949 1046 2990 con·

179 3011 193 3067 l
208 3012 278 3068 shall
294 3022 370 3069 meet
385 3011 482 3089 (him).
650 3009 744 3067 venio.

139 3088 207 3146 The
217 3090 353 3146 Tuscana
363 3099 427 3146 sent
441 3088 571 3144 oolonies
611 3085 729 3144 Tuscus
756 3098 836 3144 tran·
870 3089 1046 3164 Apenninus

179 3165 294 3238 beyond
307 3167 357 3223 the
371 3166 549 3240 Apenninea.
652 3164 769 3222 colonia
782 3166 874 3223 mitto.

177 3326 248 3367 ιω.
296 3327 378 3380 ΗΜ.
427 3330 495 3368 ⁶⁴7⁴.
545 3328 757 3380 asupplymlm.
813 3329 880 3372 ow.
940 3330 1006 3382 [³7⁴
