<?xml version="1.0" encoding="UTF-8"?>
<!DOCTYPE html PUBLIC "-//W3C//DTD XHTML 1.0 Transitional//EN"
    "http://www.w3.org/TR/xhtml1/DTD/xhtml1-transitional.dtd">
<html xmlns="http://www.w3.org/1999/xhtml" xml:lang="en" lang="en">
 <head>
  <title>
</title>
<meta http-equiv="Content-Type" content="text/html;charset=utf-8" />
  <meta name='ocr-system' content='tesseract 3.04.00' />
  <meta name='ocr-capabilities' content='ocr_page ocr_carea ocr_par ocr_line ocrx_word'/>
</head>
<body>
  <div class='ocr_page' id='page_1' title='image "./firstlessonsinl09andrgoog_0186.png"; bbox 0 0 2367 3684; ppageno 0'>
   <div class='ocr_carea' id='block_1_1' title="bbox 175 297 857 362">
    <p class='ocr_par' dir='ltr' id='par_1_1' title="bbox 175 297 857 362">
     <span class='ocr_line' id='line_1_1' title="bbox 175 297 857 362; baseline -0.009 0"><span class='ocrx_word' id='word_1_1' title='bbox 175 297 234 362; x_wconf 72' lang='lat'><strong>178</strong></span> <span class='ocrx_word' id='word_1_2' title='bbox 395 317 615 358; x_wconf 78' lang='lat' dir='ltr'><strong>wsrrrrrvorov</strong></span> <span class='ocrx_word' id='word_1_3' title='bbox 636 317 698 356; x_wconf 76' lang='lat' dir='ltr'><strong>svn</strong></span> <span class='ocrx_word' id='word_1_4' title='bbox 720 316 769 355; x_wconf 81' lang='lat' dir='ltr'><strong>ius</strong></span> <span class='ocrx_word' id='word_1_5' title='bbox 790 317 857 356; x_wconf 74' lang='lat' dir='ltr'><strong>css.</strong></span> 
     </span>
    </p>
   </div>
   <div class='ocr_carea' id='block_1_2' title="bbox 161 454 1078 1230">
    <p class='ocr_par' dir='ltr' id='par_1_2' title="bbox 161 454 1078 1230">
     <span class='ocr_line' id='line_1_2' title="bbox 161 454 1078 530; baseline -0.004 -13"><span class='ocrx_word' id='word_1_6' title='bbox 161 454 324 517; x_wconf 65' lang='lat' dir='ltr'><strong>stomun</strong></span> <span class='ocrx_word' id='word_1_7' title='bbox 338 455 462 515; x_wconf 79' lang='lat' dir='ltr'><strong>nemini·</strong></span> <span class='ocrx_word' id='word_1_8' title='bbox 476 465 574 530; x_wconf 88' lang='lat' dir='ltr'><strong>posset</strong></span> <span class='ocrx_word' id='word_1_9' title='bbox 592 457 710 530; x_wconf 70' lang='lat' dir='ltr'><strong>operam</strong></span> <span class='ocrx_word' id='word_1_10' title='bbox 733 455 857 528; x_wconf 87' lang='lat' dir='ltr'><strong>aliquam</strong></span> <span class='ocrx_word' id='word_1_11' title='bbox 879 455 1078 528; x_wconf 70' lang='lat' dir='ltr'><strong>commodare,</strong></span> 
     </span>
     <span class='ocr_line' id='line_1_3' title="bbox 173 532 1077 613; baseline -0.002 -20"><span class='ocrx_word' id='word_1_12' title='bbox 173 537 325 613; x_wconf 83' lang='lat' dir='ltr'><strong>negligunt</strong></span> <span class='ocrx_word' id='word_1_13' title='bbox 344 553 421 606; x_wconf 91' lang='lat' dir='ltr'><strong>eum,</strong></span> <span class='ocrx_word' id='word_1_14' title='bbox 443 543 528 607; x_wconf 82' lang='lat' dir='ltr'><strong>atquc</strong></span> <span class='ocrx_word' id='word_1_15' title='bbox 552 534 582 589; x_wconf 89' lang='lat' dir='ltr'><strong>in</strong></span> <span class='ocrx_word' id='word_1_16' title='bbox 604 533 713 589; x_wconf 84' lang='lat' dir='ltr'><strong>aedibus</strong></span> <span class='ocrx_word' id='word_1_17' title='bbox 734 533 831 588; x_wconf 87' lang='lat' dir='ltr'><strong>sinunt</strong></span> <span class='ocrx_word' id='word_1_18' title='bbox 851 532 945 589; x_wconf 63' lang='lat' dir='ltr'><strong>libore</strong></span> <span class='ocrx_word' id='word_1_19' title='bbox 967 535 1077 609; x_wconf 77' lang='lat' dir='ltr'><strong>vagari.</strong></span> 
     </span>
     <span class='ocr_line' id='line_1_4' title="bbox 163 611 1077 685; baseline -0.002 -15"><span class='ocrx_word' id='word_1_20' title='bbox 163 612 203 670; x_wconf 57' lang='lat' dir='ltr'><strong>:Is</strong></span> <span class='ocrx_word' id='word_1_21' title='bbox 218 614 295 685; x_wconf 72' lang='lat' dir='ltr'><strong>vcro,</strong></span> <span class='ocrx_word' id='word_1_22' title='bbox 310 614 370 669; x_wconf 71' lang='lat' dir='ltr'><strong>cui⁴</strong></span> <span class='ocrx_word' id='word_1_23' title='bbox 386 612 553 669; x_wconf 87' lang='lat' dir='ltr'><strong>Richardus</strong></span> <span class='ocrx_word' id='word_1_24' title='bbox 566 611 733 685; x_wconf 84' lang='lat' dir='ltr'><strong>Vittington</strong></span> <span class='ocrx_word' id='word_1_25' title='bbox 748 629 854 667; x_wconf 87' lang='lat' dir='ltr'><strong>nornen</strong></span> <span class='ocrx_word' id='word_1_26' title='bbox 874 611 937 680; x_wconf 90' lang='lat' dir='ltr'><strong>fuit,</strong></span> <span class='ocrx_word' id='word_1_27' title='bbox 953 611 1009 667; x_wconf 91' lang='lat' dir='ltr'><strong>hoc</strong></span> <span class='ocrx_word' id='word_1_28' title='bbox 1021 611 1077 668; x_wconf 90' lang='lat' dir='ltr'><strong>sibi</strong></span> 
     </span>
     <span class='ocr_line' id='line_1_5' title="bbox 171 689 1077 765; baseline 0 -19"><span class='ocrx_word' id='word_1_29' title='bbox 171 689 287 765; x_wconf 85' lang='lat' dir='ltr'><strong>spontc‘</strong></span> <span class='ocrx_word' id='word_1_30' title='bbox 303 691 405 748; x_wconf 78' lang='lat' dir='ltr'><strong>sumsit</strong></span> <span class='ocrx_word' id='word_1_31' title='bbox 418 689 554 765; x_wconf 52' lang='lat' dir='ltr'><strong>negotiis</strong></span> <span class='ocrx_word' id='word_1_32' title='bbox 568 699 601 744; x_wconf 92' lang='lat' dir='ltr'><strong>ut</strong></span> <span class='ocrx_word' id='word_1_33' title='bbox 616 707 685 744; x_wconf 88' lang='lat' dir='ltr'><strong>acus</strong></span> <span class='ocrx_word' id='word_1_34' title='bbox 701 689 869 763; x_wconf 77' lang='lat' dir='ltr'><strong>abjectique</strong></span> <span class='ocrx_word' id='word_1_35' title='bbox 880 689 1077 746; x_wconf 80' lang='lat' dir='ltr'><strong>funiculorum</strong></span> 
     </span>
     <span class='ocr_line' id='line_1_6' title="bbox 171 766 1076 845; baseline -0.001 -21"><span class='ocrx_word' id='word_1_36' title='bbox 171 772 363 845; x_wconf 79' lang='lat' dir='ltr'><strong>praesegmina</strong></span> <span class='ocrx_word' id='word_1_37' title='bbox 395 769 506 843; x_wconf 61' lang='lat' dir='ltr'><strong>legaret</strong></span> <span class='ocrx_word' id='word_1_38' title='bbox 540 767 712 839; x_wconf 80' lang='lat' dir='ltr'><strong>curioseque</strong></span> <span class='ocrx_word' id='word_1_39' title='bbox 747 766 912 822; x_wconf 75' lang='lat' dir='ltr'><strong>custodIret.</strong></span> <span class='ocrx_word' id='word_1_40' title='bbox 957 767 1076 827; x_wconf 80' lang='lat' dir='ltr'><strong>Quodsi</strong></span> 
     </span>
     <span class='ocr_line' id='line_1_7' title="bbox 174 842 1077 922; baseline -0.001 -20"><span class='ocrx_word' id='word_1_41' title='bbox 174 865 279 904; x_wconf 89' lang='lat' dir='ltr'><strong>acuum</strong></span> <span class='ocrx_word' id='word_1_42' title='bbox 300 846 498 922; x_wconf 74' lang='lat' dir='ltr'><strong>dyodecidem</strong></span> <span class='ocrx_word' id='word_1_43' title='bbox 518 854 567 900; x_wconf 89' lang='lat' dir='ltr'><strong>aut</strong></span> <span class='ocrx_word' id='word_1_44' title='bbox 586 843 781 900; x_wconf 80' lang='lat' dir='ltr'><strong>funiculorum</strong></span> <span class='ocrx_word' id='word_1_45' title='bbox 803 842 973 900; x_wconf 70' lang='lat' dir='ltr'><strong>fasciculum</strong></span> <span class='ocrx_word' id='word_1_46' title='bbox 989 843 1077 901; x_wconf 87' lang='lat' dir='ltr'><strong>colle-</strong></span> 
     </span>
     <span class='ocr_line' id='line_1_8' title="bbox 172 920 1078 999; baseline -0.002 -19"><span class='ocrx_word' id='word_1_47' title='bbox 172 924 271 999; x_wconf 80' lang='lat' dir='ltr'><strong>gisset,</strong></span> <span class='ocrx_word' id='word_1_48' title='bbox 286 925 323 981; x_wconf 82' lang='lat' dir='ltr'><strong>sd</strong></span> <span class='ocrx_word' id='word_1_49' title='bbox 336 925 437 980; x_wconf 91' lang='lat' dir='ltr'><strong>herum</strong></span> <span class='ocrx_word' id='word_1_50' title='bbox 452 921 562 979; x_wconf 79' lang='lat' dir='ltr'><strong>detvilit.</strong></span> <span class='ocrx_word' id='word_1_51' title='bbox 606 921 702 978; x_wconf 87' lang='lat' dir='ltr'><strong>Herus</strong></span> <span class='ocrx_word' id='word_1_52' title='bbox 717 920 783 977; x_wconf 82' lang='lat' dir='ltr'><strong>verd</strong></span> <span class='ocrx_word' id='word_1_53' title='bbox 800 921 854 977; x_wconf 88' lang='lat' dir='ltr'><strong>hac</strong></span> <span class='ocrx_word' id='word_1_54' title='bbox 869 939 899 978; x_wconf 88' lang='lat' dir='ltr'><strong>re</strong></span> <span class='ocrx_word' id='word_1_55' title='bbox 914 921 1078 978; x_wconf 78' lang='lat' dir='ltr'><strong>delectaba-</strong></span> 
     </span>
     <span class='ocr_line' id='line_1_9' title="bbox 172 997 1075 1075; baseline -0.001 -19"><span class='ocrx_word' id='word_1_56' title='bbox 172 1010 228 1070; x_wconf 87' lang='lat' dir='ltr'><strong>tur,</strong></span> <span class='ocrx_word' id='word_1_57' title='bbox 240 1004 346 1075; x_wconf 85' lang='lat' dir='ltr'>quippe</span> <span class='ocrx_word' id='word_1_58' title='bbox 356 999 405 1074; x_wconf 93' lang='lat' dir='ltr'><strong>qui</strong></span> <span class='ocrx_word' id='word_1_59' title='bbox 415 1003 538 1075; x_wconf 69' lang='lat' dir='ltr'><strong>puerum</strong></span> <span class='ocrx_word' id='word_1_60' title='bbox 550 998 619 1054; x_wconf 91' lang='lat' dir='ltr'><strong>olim</strong></span> <span class='ocrx_word' id='word_1_61' title='bbox 627 1018 747 1073; x_wconf 90' lang='lat' dir='ltr'><strong>parcum</strong></span> <span class='ocrx_word' id='word_1_62' title='bbox 757 997 896 1056; x_wconf 79' lang='lat' dir='ltr'><strong>futurum‘</strong></span> <span class='ocrx_word' id='word_1_63' title='bbox 909 1010 937 1055; x_wconf 87' lang='lat' dir='ltr'><strong>et</strong></span> <span class='ocrx_word' id='word_1_64' title='bbox 948 999 1075 1071; x_wconf 74' lang='lat' dir='ltr'><strong>fidelem,</strong></span> 
     </span>
     <span class='ocr_line' id='line_1_10' title="bbox 171 1075 1076 1154; baseline 0.001 -21"><span class='ocrx_word' id='word_1_65' title='bbox 171 1075 240 1135; x_wconf 87' lang='lat' dir='ltr'><strong>inde</strong></span> <span class='ocrx_word' id='word_1_66' title='bbox 259 1077 458 1154; x_wconf 69' lang='lat' dir='ltr'><strong>intelligeret!</strong></span> <span class='ocrx_word' id='word_1_67' title='bbox 506 1077 605 1150; x_wconf 86' lang='lat' dir='ltr'><strong>Atque</strong></span> <span class='ocrx_word' id='word_1_68' title='bbox 628 1077 663 1132; x_wconf 92' lang='lat' dir='ltr'><strong>ab</strong></span> <span class='ocrx_word' id='word_1_69' title='bbox 684 1095 720 1133; x_wconf 90' lang='lat' dir='ltr'><strong>eo</strong></span> <span class='ocrx_word' id='word_1_70' title='bbox 741 1077 808 1133; x_wconf 90' lang='lat' dir='ltr'><strong>inde</strong></span> <span class='ocrx_word' id='word_1_71' title='bbox 832 1079 960 1150; x_wconf 75' lang='lat' dir='ltr'><strong>tempore</strong></span> <span class='ocrx_word' id='word_1_72' title='bbox 982 1078 1076 1153; x_wconf 82' lang='lat' dir='ltr'><strong>magis</strong></span> 
     </span>
     <span class='ocr_line' id='line_1_11' title="bbox 172 1152 623 1230; baseline -0.004 -18"><span class='ocrx_word' id='word_1_73' title='bbox 172 1171 240 1212; x_wconf 83' lang='lat' dir='ltr'><strong>eum</strong></span> <span class='ocrx_word' id='word_1_74' title='bbox 254 1158 383 1227; x_wconf 76' lang='lat' dir='ltr'><strong>curtre,‘</strong></span> <span class='ocrx_word' id='word_1_75' title='bbox 399 1154 458 1219; x_wconf 76' lang='lat' dir='ltr'><strong>imo</strong></span> <span class='ocrx_word' id='word_1_76' title='bbox 473 1152 623 1230; x_wconf 70' lang='lat' dir='ltr'><strong>diligire.¹</strong></span> 
     </span>
    </p>
   </div>
   <div class='ocr_carea' id='block_1_3' title="bbox 168 1308 1076 2396">
    <p class='ocr_par' dir='ltr' id='par_1_3' title="bbox 168 1308 1076 2396">
     <span class='ocr_line' id='line_1_12' title="bbox 209 1308 1075 1384; baseline 0.001 -17"><span class='ocrx_word' id='word_1_77' title='bbox 209 1310 238 1368; x_wconf 78' lang='lat'><strong>2.</strong></span> <span class='ocrx_word' id='word_1_78' title='bbox 266 1310 382 1368; x_wconf 85' lang='lat' dir='ltr'>Interea</span> <span class='ocrx_word' id='word_1_79' title='bbox 408 1308 476 1367; x_wconf 74' lang='lat' dir='ltr'><strong>vero</strong></span> <span class='ocrx_word' id='word_1_80' title='bbox 505 1309 621 1380; x_wconf 88' lang='lat' dir='ltr'><strong>accidit,</strong></span> <span class='ocrx_word' id='word_1_81' title='bbox 649 1320 680 1365; x_wconf 89' lang='lat' dir='ltr'><strong>ut</strong></span> <span class='ocrx_word' id='word_1_82' title='bbox 708 1309 842 1366; x_wconf 91' lang='lat' dir='ltr'><strong>ostiarius</strong></span> <span class='ocrx_word' id='word_1_83' title='bbox 868 1309 953 1366; x_wconf 89' lang='lat' dir='ltr'><strong>vellet</strong></span> <span class='ocrx_word' id='word_1_84' title='bbox 979 1311 1075 1384; x_wconf 84' lang='lat' dir='ltr'><strong>pullos</strong></span> 
     </span>
     <span class='ocr_line' id='line_1_13' title="bbox 171 1386 1076 1464; baseline 0.001 -20"><span class='ocrx_word' id='word_1_85' title='bbox 171 1386 276 1445; x_wconf 72' lang='lat' dir='ltr'><strong>seltnos</strong></span> <span class='ocrx_word' id='word_1_86' title='bbox 290 1388 320 1445; x_wconf 88' lang='lat' dir='ltr'><strong>in</strong></span> <span class='ocrx_word' id='word_1_87' title='bbox 335 1407 423 1462; x_wconf 88' lang='lat' dir='ltr'><strong>aquas</strong></span> <span class='ocrx_word' id='word_1_88' title='bbox 434 1388 588 1462; x_wconf 65' lang='lat' dir='ltr'><strong>projicere.</strong></span> <span class='ocrx_word' id='word_1_89' title='bbox 631 1387 703 1443; x_wconf 86' lang='lat' dir='ltr'>Adit</span> <span class='ocrx_word' id='word_1_90' title='bbox 715 1387 829 1444; x_wconf 61' lang='lat' dir='ltr'><strong>herum*</strong></span> <span class='ocrx_word' id='word_1_91' title='bbox 841 1406 922 1462; x_wconf 91' lang='lat' dir='ltr'><strong>puer,</strong></span> <span class='ocrx_word' id='word_1_92' title='bbox 934 1398 1076 1464; x_wconf 86' lang='lat' dir='ltr'>rogatque</span> 
     </span>
     <span class='ocr_line' id='line_1_14' title="bbox 172 1465 1075 1540; baseline 0.003 -19"><span class='ocrx_word' id='word_1_93' title='bbox 172 1475 205 1521; x_wconf 92' lang='lat' dir='ltr'><strong>ut</strong></span> <span class='ocrx_word' id='word_1_94' title='bbox 214 1467 361 1540; x_wconf 88' lang='lat' dir='ltr'><strong>permittat</strong></span> <span class='ocrx_word' id='word_1_95' title='bbox 375 1466 431 1522; x_wconf 89' lang='lat' dir='ltr'><strong>sibi</strong></span> <span class='ocrx_word' id='word_1_96' title='bbox 445 1466 530 1522; x_wconf 86' lang='lat' dir='ltr'><strong>selem</strong></span> <span class='ocrx_word' id='word_1_97' title='bbox 543 1465 690 1540; x_wconf 73' lang='lat' dir='ltr'><strong>parvulam</strong></span> <span class='ocrx_word' id='word_1_98' title='bbox 703 1466 838 1536; x_wconf 73' lang='lat' dir='ltr'><strong>educare,</strong></span> <span class='ocrx_word' id='word_1_99' title='bbox 850 1484 935 1538; x_wconf 83' lang='lat' dir='ltr'><strong>quam</strong></span> <span class='ocrx_word' id='word_1_100' title='bbox 948 1465 1075 1524; x_wconf 84' lang='lat' dir='ltr'><strong>adultam</strong></span> 
     </span>
     <span class='ocr_line' id='line_1_15' title="bbox 171 1542 1073 1616; baseline 0.002 -17"><span class='ocrx_word' id='word_1_101' title='bbox 171 1542 296 1600; x_wconf 60' lang='lat' dir='ltr'><strong>vendat}</strong></span> <span class='ocrx_word' id='word_1_102' title='bbox 337 1543 420 1604; x_wconf 67' lang='lat' dir='ltr'><strong>(luol</strong></span> <span class='ocrx_word' id='word_1_103' title='bbox 437 1552 582 1599; x_wconf 86' lang='lat' dir='ltr'><strong>annuente</strong></span> <span class='ocrx_word' id='word_1_104' title='bbox 605 1543 654 1599; x_wconf 89' lang='lat' dir='ltr'><strong>alit</strong></span> <span class='ocrx_word' id='word_1_105' title='bbox 667 1561 738 1616; x_wconf 89' lang='lat' dir='ltr'><strong>puer</strong></span> <span class='ocrx_word' id='word_1_106' title='bbox 752 1553 781 1598; x_wconf 87' lang='lat' dir='ltr'><strong>et</strong></span> <span class='ocrx_word' id='word_1_107' title='bbox 795 1543 894 1600; x_wconf 77' lang='lat' dir='ltr'><strong>educit</strong></span> <span class='ocrx_word' id='word_1_108' title='bbox 916 1542 1073 1601; x_wconf 80' lang='lat' dir='ltr'><strong>selicvilam.</strong></span> 
     </span>
     <span class='ocr_line' id='line_1_16' title="bbox 171 1619 1075 1697; baseline 0.002 -21"><span class='ocrx_word' id='word_1_109' title='bbox 171 1619 281 1695; x_wconf 83' lang='lat' dir='ltr'><strong>Aliquo</strong></span> <span class='ocrx_word' id='word_1_110' title='bbox 300 1622 442 1696; x_wconf 69' lang='lat' dir='ltr'><strong>tempore*</strong></span> <span class='ocrx_word' id='word_1_111' title='bbox 457 1619 523 1696; x_wconf 81' lang='lat' dir='ltr'><strong>pdst</strong></span> <span class='ocrx_word' id='word_1_112' title='bbox 543 1620 648 1676; x_wconf 78' lang='lat' dir='ltr'><strong>naviml</strong></span> <span class='ocrx_word' id='word_1_113' title='bbox 664 1631 744 1694; x_wconf 80' lang='lat' dir='ltr'><strong>parat</strong></span> <span class='ocrx_word' id='word_1_114' title='bbox 759 1621 854 1692; x_wconf 89' lang='lat' dir='ltr'><strong>herus,</strong></span> <span class='ocrx_word' id='word_1_115' title='bbox 870 1621 927 1694; x_wconf 76' lang='lat' dir='ltr'><strong>qud</strong></span> <span class='ocrx_word' id='word_1_116' title='bbox 947 1626 1075 1697; x_wconf 81' lang='lat' dir='ltr'><strong>peregri·</strong></span> 
     </span>
     <span class='ocr_line' id='line_1_17' title="bbox 170 1697 1074 1758; baseline 0.002 -4"><span class='ocrx_word' id='word_1_117' title='bbox 170 1715 223 1754; x_wconf 89' lang='lat' dir='ltr'><strong>nas</strong></span> <span class='ocrx_word' id='word_1_118' title='bbox 243 1699 274 1755; x_wconf 90' lang='lat' dir='ltr'><strong>in</strong></span> <span class='ocrx_word' id='word_1_119' title='bbox 293 1709 384 1756; x_wconf 88' lang='lat' dir='ltr'><strong>terras</strong></span> <span class='ocrx_word' id='word_1_120' title='bbox 406 1717 518 1756; x_wconf 86' lang='lat' dir='ltr'><strong>merces</strong></span> <span class='ocrx_word' id='word_1_121' title='bbox 531 1699 657 1754; x_wconf 65' lang='lat' dir='ltr'><strong>venumm</strong></span> <span class='ocrx_word' id='word_1_122' title='bbox 673 1698 820 1756; x_wconf 65' lang='lat' dir='ltr'><strong>mittitet*</strong></span> <span class='ocrx_word' id='word_1_123' title='bbox 862 1698 935 1758; x_wconf 76' lang='lat' dir='ltr'><strong>Qui!</strong></span> <span class='ocrx_word' id='word_1_124' title='bbox 952 1697 1021 1755; x_wconf 76' lang='lat' dir='ltr'><strong>crim</strong></span> <span class='ocrx_word' id='word_1_125' title='bbox 1043 1700 1074 1756; x_wconf 91' lang='lat' dir='ltr'><strong>in</strong></span> 
     </span>
     <span class='ocr_line' id='line_1_18' title="bbox 171 1777 1073 1849; baseline 0.002 -17"><span class='ocrx_word' id='word_1_126' title='bbox 171 1786 312 1849; x_wconf 84' lang='lat' dir='ltr'><strong>coesset,</strong></span> <span class='ocrx_word' id='word_1_127' title='bbox 334 1787 366 1834; x_wconf 87' lang='lat' dir='ltr'><strong>ut</strong></span> <span class='ocrx_word' id='word_1_128' title='bbox 386 1777 492 1847; x_wconf 90' lang='lat' dir='ltr'>navim,</span> <span class='ocrx_word' id='word_1_129' title='bbox 514 1779 634 1832; x_wconf 76' lang='lat' dir='ltr'><strong>rectene</strong></span> <span class='ocrx_word' id='word_1_130' title='bbox 661 1793 696 1832; x_wconf 85' lang='lat' dir='ltr'><strong>ea</strong></span> <span class='ocrx_word' id='word_1_131' title='bbox 719 1777 861 1833; x_wconf 88' lang='lat' dir='ltr'><strong>instructa</strong></span> <span class='ocrx_word' id='word_1_132' title='bbox 882 1777 945 1847; x_wconf 85' lang='lat' dir='ltr'><strong>sit,&#39;&#39;</strong></span> <span class='ocrx_word' id='word_1_133' title='bbox 967 1795 1073 1848; x_wconf 90' lang='lat' dir='ltr'><strong>necne,</strong></span> 
     </span>
     <span class='ocr_line' id='line_1_19' title="bbox 169 1852 1071 1930; baseline 0.001 -21"><span class='ocrx_word' id='word_1_134' title='bbox 169 1852 314 1925; x_wconf 73' lang='lat' dir='ltr'><strong>lustraret,</strong></span> <span class='ocrx_word' id='word_1_135' title='bbox 335 1854 451 1915; x_wconf 83' lang='lat' dir='ltr'><strong>obvidm</strong></span> <span class='ocrx_word' id='word_1_136' title='bbox 471 1852 512 1912; x_wconf 86' lang='lat' dir='ltr'><strong>ei⁰</strong></span> <span class='ocrx_word' id='word_1_137' title='bbox 541 1853 572 1909; x_wconf 90' lang='lat' dir='ltr'><strong>fit</strong></span> <span class='ocrx_word' id='word_1_138' title='bbox 598 1872 670 1928; x_wconf 88' lang='lat' dir='ltr'><strong>puer</strong></span> <span class='ocrx_word' id='word_1_139' title='bbox 699 1853 784 1910; x_wconf 85' lang='lat' dir='ltr'><strong>felem</strong></span> <span class='ocrx_word' id='word_1_140' title='bbox 811 1855 841 1910; x_wconf 88' lang='lat' dir='ltr'><strong>in</strong></span> <span class='ocrx_word' id='word_1_141' title='bbox 866 1855 933 1910; x_wconf 89' lang='lat' dir='ltr'><strong>sinu</strong></span> <span class='ocrx_word' id='word_1_142' title='bbox 958 1873 1071 1930; x_wconf 84' lang='lat' dir='ltr'><strong>gerens.</strong></span> 
     </span>
     <span class='ocr_line' id='line_1_20' title="bbox 170 1931 1075 2002; baseline 0.001 -15"><span class='ocrx_word' id='word_1_143' title='bbox 170 1931 329 1993; x_wconf 67' lang='lat' dir='ltr'><strong>“ouidi‘’</strong></span> <span class='ocrx_word' id='word_1_144' title='bbox 355 1933 497 1988; x_wconf 73' lang='lat' dir='ltr'><strong>acclamat</strong></span> <span class='ocrx_word' id='word_1_145' title='bbox 515 1931 612 2002; x_wconf 75' lang='lat' dir='ltr'><strong>heruS,</strong></span> <span class='ocrx_word' id='word_1_146' title='bbox 635 1937 653 1963; x_wconf 89' lang='lat'>“</span> <span class='ocrx_word' id='word_1_147' title='bbox 668 1950 704 1988; x_wconf 86' lang='lat' dir='ltr'><strong>sn</strong></span> <span class='ocrx_word' id='word_1_148' title='bbox 726 1949 786 1988; x_wconf 89' lang='lat' dir='ltr'><strong>non</strong></span> <span class='ocrx_word' id='word_1_149' title='bbox 810 1942 839 1988; x_wconf 89' lang='lat' dir='ltr'><strong>et</strong></span> <span class='ocrx_word' id='word_1_150' title='bbox 860 1943 891 1989; x_wconf 90' lang='lat' dir='ltr'><strong>tu</strong></span> <span class='ocrx_word' id='word_1_151' title='bbox 905 1932 1003 2002; x_wconf 88' lang='lat' dir='ltr'><strong>habes,</strong></span> <span class='ocrx_word' id='word_1_152' title='bbox 1019 1933 1075 1988; x_wconf 89' lang='lat' dir='ltr'><strong>Ri-</strong></span> 
     </span>
     <span class='ocr_line' id='line_1_21' title="bbox 169 2008 1073 2084; baseline 0.003 -21"><span class='ocrx_word' id='word_1_153' title='bbox 169 2008 302 2080; x_wconf 84' lang='lat' dir='ltr'><strong>charde,¹&#39;</strong></span> <span class='ocrx_word' id='word_1_154' title='bbox 315 2009 392 2082; x_wconf 92' lang='lat' dir='ltr'><strong>quod</strong></span> <span class='ocrx_word' id='word_1_155' title='bbox 412 2008 537 2065; x_wconf 59' lang='lat' dir='ltr'><strong>venum*</strong></span> <span class='ocrx_word' id='word_1_156' title='bbox 549 2009 646 2066; x_wconf 86' lang='lat' dir='ltr'><strong>mittas</strong></span> <span class='ocrx_word' id='word_1_157' title='bbox 656 2011 668 2065; x_wconf 89' lang='lat' dir='ltr'><strong>l</strong></span> <span class='ocrx_word' id='word_1_158' title='bbox 679 2010 707 2046; x_wconf 79' lang='lat'><strong>”¹</strong></span> <span class='ocrx_word' id='word_1_159' title='bbox 749 2016 768 2042; x_wconf 89' lang='lat'><strong><em>“</em></strong></span> <span class='ocrx_word' id='word_1_160' title='bbox 779 2009 827 2065; x_wconf 85' lang='lat' dir='ltr'><strong>Ah</strong></span> <span class='ocrx_word' id='word_1_161' title='bbox 840 2011 846 2066; x_wconf 94' lang='lat' dir='ltr'><strong>l</strong></span> <span class='ocrx_word' id='word_1_162' title='bbox 867 2011 941 2066; x_wconf 89' lang='lat' dir='ltr'><strong>bene</strong></span> <span class='ocrx_word' id='word_1_163' title='bbox 954 2011 1073 2084; x_wconf 89' lang='lat' dir='ltr'><strong>quidem</strong></span> 
     </span>
     <span class='ocr_line' id='line_1_22' title="bbox 168 2086 1074 2163; baseline 0.002 -21"><span class='ocrx_word' id='word_1_164' title='bbox 168 2094 231 2143; x_wconf 88' lang='lat' dir='ltr'><strong>tute</strong></span> <span class='ocrx_word' id='word_1_165' title='bbox 244 2086 330 2158; x_wconf 88' lang='lat' dir='ltr'><strong>scis,&#39;&#39;</strong></span> <span class='ocrx_word' id='word_1_166' title='bbox 344 2086 498 2162; x_wconf 82' lang='lat' dir='ltr'>respondet</span> <span class='ocrx_word' id='word_1_167' title='bbox 507 2105 589 2162; x_wconf 91' lang='lat' dir='ltr'><strong>puer,</strong></span> <span class='ocrx_word' id='word_1_168' title='bbox 601 2093 619 2119; x_wconf 89' lang='lat'><strong>“</strong></span> <span class='ocrx_word' id='word_1_169' title='bbox 629 2091 756 2163; x_wconf 68' lang='lat' dir='ltr'><strong>eganum</strong></span> <span class='ocrx_word' id='word_1_170' title='bbox 767 2091 825 2144; x_wconf 71' lang='lat' dir='ltr'><strong>meq</strong></span> <span class='ocrx_word' id='word_1_171' title='bbox 837 2106 909 2159; x_wconf 90' lang='lat' dir='ltr'><strong>esse,</strong></span> <span class='ocrx_word' id='word_1_172' title='bbox 920 2105 1015 2160; x_wconf 90' lang='lat' dir='ltr'><strong>neque</strong></span> <span class='ocrx_word' id='word_1_173' title='bbox 1025 2089 1074 2144; x_wconf 87' lang='lat' dir='ltr'><strong>ha-</strong></span> 
     </span>
     <span class='ocr_line' id='line_1_23' title="bbox 170 2163 1072 2240; baseline 0.004 -20"><span class='ocrx_word' id='word_1_174' title='bbox 170 2163 241 2221; x_wconf 73' lang='lat' dir='ltr'><strong>bere</strong></span> <span class='ocrx_word' id='word_1_175' title='bbox 271 2165 438 2240; x_wconf 81' lang='lat' dir='ltr'><strong>quidquam,</strong></span> <span class='ocrx_word' id='word_1_176' title='bbox 461 2176 652 2240; x_wconf 75' lang='lat' dir='ltr'><strong>praeterquam</strong></span> <span class='ocrx_word' id='word_1_177' title='bbox 676 2165 751 2222; x_wconf 86' lang='lat' dir='ltr'><strong>hsno</strong></span> <span class='ocrx_word' id='word_1_178' title='bbox 772 2164 884 2222; x_wconf 88' lang='lat' dir='ltr'><strong>felem.&#39;’</strong></span> <span class='ocrx_word' id='word_1_179' title='bbox 927 2165 1072 2226; x_wconf 81' lang='lat' dir='ltr'><strong>“Quidni</strong></span> 
     </span>
     <span class='ocr_line' id='line_1_24' title="bbox 169 2239 1074 2319; baseline 0.004 -23"><span class='ocrx_word' id='word_1_180' title='bbox 169 2239 282 2300; x_wconf 91' lang='lat' dir='ltr'><strong>hancce</strong></span> <span class='ocrx_word' id='word_1_181' title='bbox 302 2253 380 2300; x_wconf 91' lang='lat' dir='ltr'><strong>tuam</strong></span> <span class='ocrx_word' id='word_1_182' title='bbox 401 2243 485 2299; x_wconf 87' lang='lat' dir='ltr'><strong>selem</strong></span> <span class='ocrx_word' id='word_1_183' title='bbox 507 2242 672 2299; x_wconf 68' lang='lat' dir='ltr'><strong>miscrisl”</strong></span> <span class='ocrx_word' id='word_1_184' title='bbox 713 2243 786 2304; x_wconf 82' lang='lat' dir='ltr'><strong>Quo</strong></span> <span class='ocrx_word' id='word_1_185' title='bbox 811 2244 909 2301; x_wconf 89' lang='lat' dir='ltr'><strong>audito</strong></span> <span class='ocrx_word' id='word_1_186' title='bbox 932 2261 1004 2319; x_wconf 88' lang='lat' dir='ltr'><strong>puer</strong></span> <span class='ocrx_word' id='word_1_187' title='bbox 1026 2263 1074 2300; x_wconf 88' lang='lat' dir='ltr'><strong>ac·</strong></span> 
     </span>
     <span class='ocr_line' id='line_1_25' title="bbox 169 2319 753 2396; baseline 0.003 -20"><span class='ocrx_word' id='word_1_188' title='bbox 169 2320 280 2377; x_wconf 67' lang='lat' dir='ltr'><strong>colorat</strong></span> <span class='ocrx_word' id='word_1_189' title='bbox 294 2321 330 2376; x_wconf 88' lang='lat' dir='ltr'><strong>ad</strong></span> <span class='ocrx_word' id='word_1_190' title='bbox 344 2320 449 2391; x_wconf 86' lang='lat' dir='ltr'><strong>navim,</strong></span> <span class='ocrx_word' id='word_1_191' title='bbox 464 2319 608 2394; x_wconf 80' lang='lat' dir='ltr'><strong>lelemque</strong></span> <span class='ocrx_word' id='word_1_192' title='bbox 622 2320 753 2396; x_wconf 76' lang='lat' dir='ltr'><strong>imponit.</strong></span> 
     </span>
    </p>
   </div>
   <div class='ocr_carea' id='block_1_4' title="bbox 165 2472 1072 3092">
    <p class='ocr_par' dir='ltr' id='par_1_4' title="bbox 165 2472 1072 3092">
     <span class='ocr_line' id='line_1_26' title="bbox 207 2472 1071 2550; baseline 0.005 -20"><span class='ocrx_word' id='word_1_193' title='bbox 207 2472 235 2530; x_wconf 83' lang='lat'><strong>3.</strong></span> <span class='ocrx_word' id='word_1_194' title='bbox 264 2473 356 2530; x_wconf 86' lang='lat' dir='ltr'><strong>Solvit</strong></span> <span class='ocrx_word' id='word_1_195' title='bbox 369 2474 459 2545; x_wconf 90' lang='lat' dir='ltr'><strong>navis,</strong></span> <span class='ocrx_word' id='word_1_196' title='bbox 475 2484 560 2549; x_wconf 85' lang='lat' dir='ltr'><strong>atque</strong></span> <span class='ocrx_word' id='word_1_197' title='bbox 572 2485 639 2550; x_wconf 91' lang='lat' dir='ltr'><strong>post</strong></span> <span class='ocrx_word' id='word_1_198' title='bbox 658 2495 772 2533; x_wconf 89' lang='lat' dir='ltr'><strong>menses</strong></span> <span class='ocrx_word' id='word_1_199' title='bbox 793 2476 901 2550; x_wconf 84' lang='lat' dir='ltr'><strong>aliquot</strong></span> <span class='ocrx_word' id='word_1_200' title='bbox 916 2475 950 2532; x_wconf 87' lang='lat' dir='ltr'><strong>ad</strong></span> <span class='ocrx_word' id='word_1_201' title='bbox 964 2487 1071 2534; x_wconf 86' lang='lat' dir='ltr'><strong>terram</strong></span> 
     </span>
     <span class='ocr_line' id='line_1_27' title="bbox 168 2549 1071 2630; baseline 0.004 -23"><span class='ocrx_word' id='word_1_202' title='bbox 168 2549 311 2608; x_wconf 66' lang='lat' dir='ltr'><strong>hactenus</strong></span> <span class='ocrx_word' id='word_1_203' title='bbox 332 2552 510 2628; x_wconf 76' lang='lat' dir='ltr'><strong>incognitam</strong></span> <span class='ocrx_word' id='word_1_204' title='bbox 532 2553 657 2627; x_wconf 84' lang='lat' dir='ltr'><strong>appellit.</strong></span> <span class='ocrx_word' id='word_1_205' title='bbox 700 2553 893 2624; x_wconf 81' lang='lat' dir='ltr'><strong>Escendunt‚‘</strong></span> <span class='ocrx_word' id='word_1_206' title='bbox 908 2573 1006 2630; x_wconf 84' lang='lat' dir='ltr'><strong>regem</strong></span> <span class='ocrx_word' id='word_1_207' title='bbox 1020 2553 1071 2612; x_wconf 83' lang='lat' dir='ltr'><strong>hic</strong></span> 
     </span>
     <span class='ocr_line' id='line_1_28' title="bbox 166 2629 1070 2706; baseline 0.002 -20"><span class='ocrx_word' id='word_1_208' title='bbox 166 2636 290 2706; x_wconf 76' lang='lat' dir='ltr'><strong>regnare</strong></span> <span class='ocrx_word' id='word_1_209' title='bbox 310 2629 499 2705; x_wconf 87' lang='lat' dir='ltr'><strong>comperiunt.</strong></span> <span class='ocrx_word' id='word_1_210' title='bbox 540 2631 614 2691; x_wconf 76' lang='lat' dir='ltr'><strong>Qui</strong></span> <span class='ocrx_word' id='word_1_211' title='bbox 639 2631 707 2688; x_wconf 80' lang='lat' dir='ltr'><strong>clun</strong></span> <span class='ocrx_word' id='word_1_212' title='bbox 729 2631 865 2688; x_wconf 82' lang='lat' dir='ltr'><strong>audisset‘</strong></span> <span class='ocrx_word' id='word_1_213' title='bbox 887 2636 1070 2706; x_wconf 67' lang='lat' dir='ltr'><strong>peregrinos*</strong></span> 
     </span>
     <span class='ocr_line' id='line_1_29' title="bbox 168 2707 1069 2783; baseline 0.002 -19"><span class='ocrx_word' id='word_1_214' title='bbox 168 2708 321 2783; x_wconf 81' lang='lat' dir='ltr'><strong>appulisse,</strong></span> <span class='ocrx_word' id='word_1_215' title='bbox 337 2708 456 2764; x_wconf 79' lang='lat' dir='ltr'><strong>arcessit</strong></span> <span class='ocrx_word' id='word_1_216' title='bbox 476 2707 592 2765; x_wconf 56' lang='lat' dir='ltr'><strong>eorum*</strong></span> <span class='ocrx_word' id='word_1_217' title='bbox 609 2709 728 2783; x_wconf 87' lang='lat' dir='ltr'><strong>aliquos,</strong></span> <span class='ocrx_word' id='word_1_218' title='bbox 753 2719 926 2782; x_wconf 68' lang='lat' dir='ltr'><strong>mensasquet</strong></span> <span class='ocrx_word' id='word_1_219' title='bbox 942 2709 1069 2774; x_wconf 80' lang='lat' dir='ltr'><strong>adhibet,</strong></span> 
     </span>
     <span class='ocr_line' id='line_1_30' title="bbox 168 2784 1069 2862; baseline 0.003 -21"><span class='ocrx_word' id='word_1_220' title='bbox 168 2785 210 2842; x_wconf 88' lang='lat' dir='ltr'><strong>At</strong></span> <span class='ocrx_word' id='word_1_221' title='bbox 229 2785 297 2842; x_wconf 83' lang='lat' dir='ltr'><strong>verd</strong></span> <span class='ocrx_word' id='word_1_222' title='bbox 318 2785 349 2841; x_wconf 91' lang='lat' dir='ltr'><strong>in</strong></span> <span class='ocrx_word' id='word_1_223' title='bbox 362 2786 487 2841; x_wconf 71' lang='lat' dir='ltr'><strong>maximi</strong></span> <span class='ocrx_word' id='word_1_224' title='bbox 502 2784 678 2842; x_wconf 77' lang='lat' dir='ltr'><strong>cibariorum</strong></span> <span class='ocrx_word' id='word_1_225' title='bbox 693 2787 778 2860; x_wconf 72' lang='lat' dir='ltr'><strong>capii</strong></span> <span class='ocrx_word' id='word_1_226' title='bbox 792 2787 839 2842; x_wconf 85' lang='lat' dir='ltr'><strong>vix</strong></span> <span class='ocrx_word' id='word_1_227' title='bbox 853 2787 1002 2862; x_wconf 78' lang='lat' dir='ltr'><strong>gustandi“</strong></span> <span class='ocrx_word' id='word_1_228' title='bbox 1020 2793 1069 2844; x_wconf 76' lang='lat' dir='ltr'><strong>ea&#39;</strong></span> 
     </span>
     <span class='ocr_line' id='line_1_31' title="bbox 167 2861 1071 2937; baseline 0.002 -19"><span class='ocrx_word' id='word_1_229' title='bbox 167 2861 221 2919; x_wconf 89' lang='lat' dir='ltr'><strong>fuit</strong></span> <span class='ocrx_word' id='word_1_230' title='bbox 246 2872 380 2937; x_wconf 88' lang='lat' dir='ltr'><strong>potestas.</strong></span> <span class='ocrx_word' id='word_1_231' title='bbox 422 2862 558 2936; x_wconf 88' lang='lat' dir='ltr'><strong>Namque</strong></span> <span class='ocrx_word' id='word_1_232' title='bbox 584 2881 670 2919; x_wconf 86' lang='lat' dir='ltr'><strong>omne</strong></span> <span class='ocrx_word' id='word_1_233' title='bbox 694 2863 862 2920; x_wconf 68' lang='lat' dir='ltr'><strong>cubiculum</strong></span> <span class='ocrx_word' id='word_1_234' title='bbox 882 2863 1071 2921; x_wconf 72' lang='lat' dir='ltr'><strong>obsidcbttur</strong></span> 
     </span>
     <span class='ocr_line' id='line_1_32' title="bbox 165 2939 1072 3016; baseline 0.003 -20"><span class='ocrx_word' id='word_1_235' title='bbox 165 2941 306 3011; x_wconf 90' lang='lat' dir='ltr'><strong>muribus,</strong></span> <span class='ocrx_word' id='word_1_236' title='bbox 327 2941 406 3013; x_wconf 77' lang='lat' dir='ltr'><strong>inue</strong></span> <span class='ocrx_word' id='word_1_237' title='bbox 426 2939 558 3014; x_wconf 75' lang='lat' dir='ltr'><strong>proterve</strong></span> <span class='ocrx_word' id='word_1_238' title='bbox 583 2940 782 3016; x_wconf 82' lang='lat' dir='ltr'><strong>gregatimque</strong></span> <span class='ocrx_word' id='word_1_239' title='bbox 803 2941 1021 2998; x_wconf 75' lang='lat' dir='ltr'><strong>discurrebant&#39;⁶</strong></span> <span class='ocrx_word' id='word_1_240' title='bbox 1040 2943 1072 2999; x_wconf 90' lang='lat' dir='ltr'><strong>in</strong></span> 
     </span>
     <span class='ocr_line' id='line_1_33' title="bbox 165 3016 1072 3092; baseline 0.004 -19"><span class='ocrx_word' id='word_1_241' title='bbox 165 3018 277 3088; x_wconf 74' lang='lat' dir='ltr'><strong>mensa,</strong></span> <span class='ocrx_word' id='word_1_242' title='bbox 289 3017 386 3074; x_wconf 90' lang='lat' dir='ltr'><strong>cibum</strong></span> <span class='ocrx_word' id='word_1_243' title='bbox 402 3016 588 3088; x_wconf 78' lang='lat' dir='ltr'><strong>invadebant,</strong></span> <span class='ocrx_word' id='word_1_244' title='bbox 603 3019 672 3092; x_wconf 91' lang='lat' dir='ltr'><strong>quin</strong></span> <span class='ocrx_word' id='word_1_245' title='bbox 687 3019 786 3075; x_wconf 89' lang='lat' dir='ltr'><strong>bolum</strong></span> <span class='ocrx_word' id='word_1_246' title='bbox 798 3019 937 3075; x_wconf 75' lang='lat' dir='ltr'><strong>convIvis²</strong></span> <span class='ocrx_word' id='word_1_247' title='bbox 951 3038 967 3076; x_wconf 87' lang='lat' dir='ltr'><strong>e</strong></span> <span class='ocrx_word' id='word_1_248' title='bbox 981 3038 1072 3077; x_wconf 88' lang='lat' dir='ltr'><strong>manu</strong></span> 
     </span>
    </p>
   </div>
   <div class='ocr_carea' id='block_1_5' title="bbox 189 3179 1064 3282">
    <p class='ocr_par' dir='ltr' id='par_1_5' title="bbox 189 3179 1064 3282">
     <span class='ocr_line' id='line_1_34' title="bbox 189 3179 1064 3263; baseline 0.009 -44"><span class='ocrx_word' id='word_1_249' title='bbox 189 3179 236 3263; x_wconf 40' lang='lat' dir='ltr'><em>Q</em></span> <span class='ocrx_word' id='word_1_250' title='bbox 299 3181 462 3231; x_wconf 75' lang='lat' dir='ltr'><strong>ssupplyms.</strong></span> <span class='ocrx_word' id='word_1_251' title='bbox 533 3183 606 3241; x_wconf 65' lang='lat' dir='ltr'><strong>iton.</strong></span> <span class='ocrx_word' id='word_1_252' title='bbox 669 3186 814 3235; x_wconf 80' lang='lat' dir='ltr'><strong>mSupplycd.</strong></span> <span class='ocrx_word' id='word_1_253' title='bbox 867 3187 937 3236; x_wconf 68' lang='lat' dir='ltr'><strong>qtlss.</strong></span> <span class='ocrx_word' id='word_1_254' title='bbox 997 3187 1064 3227; x_wconf 67' lang='lat'><strong>:485</strong></span> 
     </span>
     <span class='ocr_line' id='line_1_35' title="bbox 322 3231 1064 3282; baseline 0.011 -15"><span class='ocrx_word' id='word_1_255' title='bbox 322 3231 360 3267; x_wconf 78' lang='lat'><strong>468</strong></span> <span class='ocrx_word' id='word_1_256' title='bbox 529 3232 606 3282; x_wconf 66' lang='lat'><strong>5³62.</strong></span> <span class='ocrx_word' id='word_1_257' title='bbox 668 3236 736 3272; x_wconf 69' lang='lat' dir='ltr'><strong>alil.</strong></span> <span class='ocrx_word' id='word_1_258' title='bbox 867 3237 937 3274; x_wconf 68' lang='lat' dir='ltr'><strong>radi.</strong></span> <span class='ocrx_word' id='word_1_259' title='bbox 997 3236 1064 3275; x_wconf 71' lang='lat'><strong>0483</strong></span> 
     </span>
    </p>
   </div>
   <div class='ocr_carea' id='block_1_6' title="bbox 163 3187 1064 3379">
    <p class='ocr_par' dir='ltr' id='par_1_6' title="bbox 163 3187 1064 3379">
     <span class='ocr_line' id='line_1_36' title="bbox 164 3187 179 3217; baseline 0 0"><span class='ocrx_word' id='word_1_260' title='bbox 164 3187 179 3217; x_wconf 62' lang='grc' dir='ltr'><em>Β</em></span> 
     </span>
     <span class='ocr_line' id='line_1_37' title="bbox 163 3224 1064 3364; baseline 0.014 -53"><span class='ocrx_word' id='word_1_261' title='bbox 163 3224 236 3358; x_wconf 45' lang='lat'><strong>33</strong></span> <span class='ocrx_word' id='word_1_262' title='bbox 294 3230 479 3364; x_wconf 49' lang='lat' dir='ltr'><strong>§scisma</strong></span> <span class='ocrx_word' id='word_1_263' title='bbox 534 3279 605 3319; x_wconf 75' lang='lat' dir='ltr'><strong>arro.</strong></span> <span class='ocrx_word' id='word_1_264' title='bbox 669 3283 736 3322; x_wconf 70' lang='lat' dir='ltr'><strong>ocos</strong></span> <span class='ocrx_word' id='word_1_265' title='bbox 867 3285 937 3324; x_wconf 66' lang='lat' dir='ltr'><strong>urso.</strong></span> <span class='ocrx_word' id='word_1_266' title='bbox 998 3285 1064 3324; x_wconf 68' lang='lat' dir='ltr'><strong>saar</strong></span> 
     </span>
     <span class='ocr_line' id='line_1_38' title="bbox 227 3324 936 3379; baseline 0.021 -21"><span class='ocrx_word' id='word_1_267' title='bbox 227 3338 236 3358; x_wconf 82' lang='grc'><strong>.</strong></span> <span class='ocrx_word' id='word_1_268' title='bbox 326 3324 371 3362; x_wconf 77' lang='lat' dir='ltr'><strong>sor.</strong></span> <span class='ocrx_word' id='word_1_269' title='bbox 534 3328 605 3367; x_wconf 78' lang='lat' dir='ltr'><strong>zur.</strong></span> <span class='ocrx_word' id='word_1_270' title='bbox 664 3331 737 3379; x_wconf 63' lang='lat' dir='ltr'><strong>paen</strong></span> <span class='ocrx_word' id='word_1_271' title='bbox 867 3333 936 3372; x_wconf 73' lang='lat' dir='ltr'><strong>rasa</strong></span> 
     </span>
    </p>
   </div>
   <div class='ocr_carea' id='block_1_7' title="bbox 0 0 1188 3684">
    <p class='ocr_par' dir='ltr' id='par_1_7' title="bbox 0 0 1188 3684">
     <span class='ocr_line' id='line_1_39' title="bbox 0 0 1188 3684; baseline 0 3"><span class='ocrx_word' id='word_1_272' title='bbox 0 0 1188 3684; x_wconf 95' lang='lat' dir='ltr'><strong> </strong></span> 
     </span>
    </p>
   </div>
  </div>
 </body>
</html>
