2367 3684
122 281 180 341 170
444 297 512 341 urs
532 299 571 339 or
589 297 711 340 rossrrr.

160 438 290 495 Jsedbns
309 438 458 513 respondit
482 437 564 514 regi:
590 436 689 494 “Vixi
716 446 835 495 eentum
855 447 884 495 et
903 437 1029 514 triginta

121 534 222 588 annos,
243 535 299 572 nee
320 517 438 591 adeptus
464 535 529 572 sum
555 520 735 573 seneetritem
763 515 879 572 bestarn
905 519 1028 573 andrum

121 597 250 651 medium
263 596 297 650 :''
318 604 379 651 tum
394 596 468 651 bene
481 600 617 670 preditus
630 593 692 668 regi
706 593 840 650 discessit
854 595 889 650 ab
903 611 947 650 eo.

158 671 304 746 Josephus
324 684 419 728 autem
439 684 549 747 patrem
570 680 599 728 et
620 671 721 727 fratres
741 689 810 728 suos
824 670 979 728 eolloesirit
993 672 1026 731 in

119 751 227 822 optInni
248 762 328 823 parte
350 750 479 826 AEgypti,
494 750 599 824 eisque
614 749 742 806 omnium
763 767 860 807 rerum
877 749 1026 806 abnndan-

118 826 189 884 tiam
203 828 404 902 suppeditavit

147 1001 195 1060 39.
215 1002 306 1058 Jacob
319 1010 444 1078 requests
458 1010 487 1058 to
500 1002 531 1059 be
545 1002 672 1060 immed
683 1003 714 1059 in
733 1001 778 1060 the
798 1001 883 1058 Tomb
896 1000 934 1077 of
948 1003 993 1059 Iris

505 1079 638 1137 Fatlrers.

158 1176 176 1234 J
179 1178 287 1234 aedbus
300 1176 370 1233 vixit
391 1187 500 1251 septem
514 1187 543 1233 et
556 1177 659 1234 decern
678 1195 768 1236 annos
781 1187 931 1253 postquam
945 1197 1025 1234 com-

118 1255 270 1331 migrdrat⁶
288 1255 317 1312 in
331 1255 498 1332 AEgyptum.

159 1334 216 1390 Ubi
230 1335 319 1390 sensit
339 1345 461 1390 mortem
479 1334 535 1390 sibi
549 1333 713 1404 imminere,
729 1337 867 1390 arcessito
881 1331 899 1388 J
901 1334 1022 1408 osepho‚

118 1411 209 1468 dixit:
232 1413 294 1467 “Si
315 1431 361 1468 me
383 1431 470 1480 arnas,
482 1411 548 1485 jura
567 1421 596 1467 te
617 1411 646 1466 id
668 1411 812 1469 factirrum
826 1429 898 1480 esse,
914 1411 991 1484 quod
1007 1432 1024 1467 a

119 1499 148 1546 te
168 1493 286 1563 petam?
308 1490 420 1546 scilicet
441 1500 473 1546 ut
494 1508 530 1546 ne
550 1507 598 1544 me
618 1489 740 1564 sepelias
760 1489 791 1545 in
813 1489 950 1564 AEgypto,
971 1489 1022 1545 sed

119 1585 224 1642 eorpus
243 1587 339 1626 meum
360 1568 521 1625 transferas
542 1586 578 1623 ex
597 1567 654 1623 heo
675 1567 804 1643 regidne,
819 1576 848 1623 st
868 1567 977 1624 condas
993 1567 1022 1624 in

118 1646 251 1719 sepulcro
265 1647 405 1722 rnajdrunr
419 1647 578 1702 medrurn.'’
985 1677 998 1689 ·

157 1723 303 1797 ,Iosephus
324 1734 439 1780 autern:
467 1723 644 1794 “Faciem'’
667 1723 770 1797 inquit,
793 1723 900 1798 “quod
925 1723 1021 1798 jubes,

117 1803 225 1874 pater.'’

158 1886 175 1909 “
187 1879 259 1934 Jura
279 1898 348 1955 ergo
368 1878 468 1950 mihi,’'
486 1879 526 1936 air
546 1878 685 1950 Jaedbus,
700 1885 758 1936 “te
779 1883 858 1936 certd
881 1879 910 1936 id
931 1879 1022 1936 sectir-

117 1973 181 2011 rum
196 1959 287 2013 esse.''

156 2032 174 2088 J
177 2035 302 2109 nsephus
314 2034 421 2109 jurfivit
435 2035 466 2092 in
479 2035 567 2092 rerba
579 2035 678 2110 patris.

195 2225 242 2282 40.
263 2225 367 2301 Josepr
375 2245 454 2302 pays
467 2226 512 2283 iris
527 2227 584 2284 last
599 2227 707 2314 Duties
721 2235 750 2284 to
762 2228 807 2284 iris
820 2227 940 2284 Fatlrer.

156 2360 195 2418 Ut
208 2361 279 2416 vidit
299 2361 445 2436 Josephus
466 2363 624 2420 extinctum
644 2373 765 2440 patrem,
780 2364 838 2420 ruit
853 2381 938 2438 super
953 2381 1021 2420 eum

117 2438 198 2508 flens,
214 2449 242 2494 et
256 2439 402 2495 osculatus
417 2450 460 2497 est
473 2460 550 2512 eum,
564 2441 695 2518 luxitque
709 2442 789 2498 illurn
804 2442 862 2498 diu.

157 2515 271 2574 Deinde
292 2519 430 2594 praecepit
457 2518 590 2576 medicis⁶
613 2529 645 2576 ut
671 2521 824 2578 condirent
852 2538 966 2593 eorpus,
990 2529 1020 2577 et

117 2595 178 2671 ipse
200 2615 266 2652 eum
288 2597 422 2653 fratribus
437 2598 591 2672 multisque
605 2599 751 2676 AEgyptiis
763 2609 873 2674 patrem
887 2598 1023 2672 deporte-

117 2675 156 2731 vit
171 2675 201 2731 in
216 2675 364 2750 regidnem
379 2675 528 2733 Chanasn.

156 2753 201 2810 Ibi
216 2753 302 2810 funus
317 2753 449 2810 fecerunt
461 2773 528 2810 eum
542 2772 649 2830 magno
662 2755 790 2828 planetu,
802 2764 831 2812 et
841 2754 1020 2828 sepelierunt

116 2849 222 2906 corpus
237 2832 265 2887 in
278 2831 426 2906 speluncis,
438 2832 488 2887 ubi
500 2833 639 2907 jacebant
650 2833 834 2890 Abrahdrnus
848 2842 876 2888 et
890 2832 1021 2902 Isarcus,

116 2914 280 2985 reversique
295 2920 363 2966 sunt
377 2909 407 2965 in
421 2910 588 2986 AEgyptum.

283 3087 297 3114 s
308 3077 354 3126 253,
364 3075 392 3117 N·
554 3075 622 3117 Ηῒῧ.
793 3078 860 3118 α391.
