2367 3684
530 532 589 580 800
607 531 677 580 ³⁸⁰·

438 677 758 752 smsmoaagaaa

187 807 303 866 Litdras
316 817 448 882 expecto,
462 825 534 882 quas
546 806 696 882 scripsisti.

187 885 219 943 ls
230 889 345 944 amicus
353 894 407 956 est,
421 886 471 960 qui
481 885 563 960 juvat
575 887 606 942 in
620 885 707 942 rebus
721 883 854 944 adversis

188 964 286 1021 Tutus
299 963 348 1021 ille
360 982 420 1020 non
434 973 488 1034 est,
502 981 589 1038 quem
602 981 703 1022 omnes
717 964 850 1022 oderunt.

188 1043 325 1118 Iqratus
338 1051 382 1098 est
394 1042 492 1112 homo,
506 1041 556 1115 qui
569 1059 629 1099 non
643 1041 818 1100 beneficium
830 1041 933 1100 reddit.

188 1120 287 1177 Solem
301 1139 318 1176 e
332 1119 441 1176 mundo
460 1120 565 1176 tollunt
567 1119 640 1194 ,qui
662 1120 817 1178 amicitiam
834 1119 924 1178 evita
937 1119 1051 1179 tollunt.

187 1197 351 1273 Pompeius,
364 1197 824 1273 quiaCaesarevictusest,fi1git
838 1198 873 1254 ad
885 1198 1051 1273 AEgyptum.

188 1276 269 1334 Civis
281 1286 324 1333 est
337 1278 363 1332 is
364 1276 437 1350 q,ui
449 1276 572 1351 patriam
586 1293 668 1332 suam
683 1275 785 1350 diligit.

188 1354 299 1411 Omnes
313 1373 407 1411 causta
410 1373 505 1429 ,quas
518 1354 728 1410 commembres
730 1352 915 1427 ,justissime
929 1367 1004 1410 sunt.

188 1432 312 1490 Flumen
327 1443 371 1490 est
384 1433 460 1489 Arar
462 1431 583 1505 ,quod
576 1450 607 1487 m
622 1430 801 1488 Rhodanum
816 1429 918 1488 inlluit.

187 1511 273 1582 Urbs,
283 1530 374 1585 quarn
388 1510 536 1568 Romirlus
549 1509 690 1580 condidit,
705 1509 861 1566 vocabatur
875 1508 981 1566 Roma

189 1589 254 1646 Scit
266 1590 301 1660 is,
315 1590 365 1664 qui
378 1599 422 1646 est
436 1589 466 1645 in
480 1588 617 1659 concilio,
633 1587 667 1644 Ο.
683 1587 849 1644 Marcellus.

129 1680 133 1684 “
188 1668 332 1725 Consirles
352 1667 389 1724 ad
409 1685 476 1724 eum
489 1668 658 1737 exercitum,
673 1683 759 1740 quem
780 1664 934 1741 mApulit
954 1664 1052 1736 habui,

149 1750 299 1804 venerunt
785 1771 789 1781 ·

440 1934 570 2010 English
585 1935 647 1993 into
660 1935 763 1992 Latin.

151 2063 228 2121 He'
221 2083 246 2120 rs
272 2063 365 2138 happy
393 2063 488 2120 whom
514 2062 582 2119 God
622 2061 706 2120 Felix
726 2081 799 2133 sum,
821 2061 870 2136 qui
888 2060 970 2118 Deus
991 2059 1054 2116 dill-

189 2142 275 2199 loves.
682 2158 707 2196 0.

150 2219 231 2278 'Phat
240 2217 370 2276 burden
362 2237 388 2274 rs
400 2217 474 2294 light
485 2217 581 2275 which
622 2159 709 2274 Ledis
734 2217 783 2289 fio,
811 2216 861 2290 qui
884 2215 1053 2287 beneseto,

191 2299 216 2355 is
229 2298 293 2355 well
307 2298 406 2353 borne
663 2315 744 2353 onus.

154 2376 260 2434 Where
270 2394 317 2432 are
327 2375 410 2432 those
418 2374 514 2431 whom
525 2393 582 2450 you
622 2375 680 2433 Ubi
701 2392 765 2432 sum
786 2374 828 2431 is
813 2373 886 2450 ,qui
905 2372 992 2431 miser
1013 2373 1055 2431 di·

191 2455 246 2510 call
260 2453 432 2511 miserablel
664 2455 719 2510 col

150 2532 230 2607 Why
257 2532 337 2588 aml
364 2531 525 2606 compellcd
551 2540 582 2587 to
622 2531 683 2588 Cur
697 2537 815 2587 senatus
830 2547 915 2603 cogo,
930 2529 979 2601 qui
995 2529 1055 2588 lau·

192 2629 313 2668 censure
328 2611 378 2666 the
398 2619 506 2677 senate,
521 2609 583 2663 that
662 2608 700 2663 do
719 2624 840 2680 semper,
855 2605 1054 2680 reprehendol

191 2689 206 2745 I
220 2689 292 2745 have
304 2689 409 2762 always
418 2684 583 2742 commend·

191 2767 247 2823 cdl

152 2845 201 2902 He
215 2844 240 2901 is
254 2845 341 2902 brave
361 2844 426 2901 who
439 2859 583 2916 conquers
623 2839 720 2899 Fortis
734 2858 807 2910 sum,
825 2837 874 2913 qui
888 2837 934 2896 sui
947 2836 1041 2896 vinco.

191 2922 313 2980 himself.

151 3000 220 3058 The
229 3001 303 3057 hour
316 2999 412 3057 which
420 2999 472 3054 has
481 2997 585 3073 passed
625 2997 717 3068 Hora,
744 2995 794 3070 qui
819 3004 968 3070 preterea,
996 3011 1054 3054 non

192 3087 301 3136 cannot
313 3087 420 3134 retum.
664 3076 751 3132 redeo
765 3092 890 3150 possum.

152 3156 167 3214 1
190 3176 235 3215 am
252 3153 410 3225 Miltiades,
430 3153 495 3210 who
516 3172 584 3211 con·
625 3153 689 3230 Ego
723 3171 787 3210 sum
820 3151 978 3226 Miltiades,
1006 3151 1054 3227 qui

193 3232 300 3310 quercd
313 3233 363 3292 the
376 3231 510 3291 Persians
663 3232 758 3290 Persas
771 3232 865 3289 vinco.
