<?xml version="1.0" encoding="UTF-8"?>
<!DOCTYPE html PUBLIC "-//W3C//DTD XHTML 1.0 Transitional//EN"
    "http://www.w3.org/TR/xhtml1/DTD/xhtml1-transitional.dtd">
<html xmlns="http://www.w3.org/1999/xhtml" xml:lang="en" lang="en">
 <head>
  <title>
</title>
<meta http-equiv="Content-Type" content="text/html;charset=utf-8" />
  <meta name='ocr-system' content='tesseract 3.04.00' />
  <meta name='ocr-capabilities' content='ocr_page ocr_carea ocr_par ocr_line ocrx_word'/>
</head>
<body>
  <div class='ocr_page' id='page_1' title='image "./firstlessonsinl09andrgoog_0182.png"; bbox 0 0 2367 3684; ppageno 0'>
   <div class='ocr_carea' id='block_1_1' title="bbox 148 305 659 366">
    <p class='ocr_par' dir='ltr' id='par_1_1' title="bbox 148 305 659 366">
     <span class='ocr_line' id='line_1_1' title="bbox 148 305 659 366; baseline -0.008 0"><span class='ocrx_word' id='word_1_1' title='bbox 148 305 206 366; x_wconf 73' lang='grc'>174</span> <span class='ocrx_word' id='word_1_2' title='bbox 533 319 659 363; x_wconf 73' lang='lat' dir='ltr'>rascas</span> 
     </span>
    </p>
   </div>
   <div class='ocr_carea' id='block_1_2' title="bbox 146 447 1053 926">
    <p class='ocr_par' dir='ltr' id='par_1_2' title="bbox 146 447 1053 769">
     <span class='ocr_line' id='line_1_2' title="bbox 147 447 1052 541; baseline -0.007 -24"><span class='ocrx_word' id='word_1_3' title='bbox 147 461 242 532; x_wconf 84' lang='lat' dir='ltr'>dem,’&#39;</span> <span class='ocrx_word' id='word_1_4' title='bbox 267 470 351 537; x_wconf 88' lang='lat' dir='ltr'>rogat</span> <span class='ocrx_word' id='word_1_5' title='bbox 373 459 505 530; x_wconf 75' lang='lat' dir='ltr'>cuculus,</span> <span class='ocrx_word' id='word_1_6' title='bbox 530 459 599 517; x_wconf 87' lang='lat' dir='ltr'>“de</span> <span class='ocrx_word' id='word_1_7' title='bbox 621 477 668 516; x_wconf 90' lang='lat' dir='ltr'>me</span> <span class='ocrx_word' id='word_1_8' title='bbox 689 456 867 534; x_wconf 74' lang='lat' dir='ltr'>judicantt”</span> <span class='ocrx_word' id='word_1_9' title='bbox 920 447 1052 541; x_wconf 56' lang='lat' dir='ltr'><strong>“.H⁰⁰’¹f</strong></span> 
     </span>
     <span class='ocr_line' id='line_1_3' title="bbox 147 538 1053 614; baseline -0.012 -20"><span class='ocrx_word' id='word_1_10' title='bbox 147 539 240 614; x_wconf 87' lang='lat' dir='ltr'>inquit</span> <span class='ocrx_word' id='word_1_11' title='bbox 266 549 391 608; x_wconf 88' lang='lat' dir='ltr'>sturnus,</span> <span class='ocrx_word' id='word_1_12' title='bbox 412 538 544 595; x_wconf 67' lang='lat' dir='ltr'>“dicere</span> <span class='ocrx_word' id='word_1_13' title='bbox 567 555 700 611; x_wconf 88' lang='lat' dir='ltr'>nequeo;</span> <span class='ocrx_word' id='word_1_14' title='bbox 734 551 876 609; x_wconf 88' lang='lat' dir='ltr'>nusquam</span> <span class='ocrx_word' id='word_1_15' title='bbox 903 547 980 586; x_wconf 88' lang='lat' dir='ltr'>enrm</span> <span class='ocrx_word' id='word_1_16' title='bbox 1007 539 1053 585; x_wconf 88' lang='lat' dir='ltr'>tur</span> 
     </span>
     <span class='ocr_line' id='line_1_4' title="bbox 146 606 1051 692; baseline -0.013 -19"><span class='ocrx_word' id='word_1_17' title='bbox 146 617 179 674; x_wconf 85' lang='lat' dir='ltr'>fit</span> <span class='ocrx_word' id='word_1_18' title='bbox 206 618 342 673; x_wconf 89' lang='lat' dir='ltr'>mentio.&#39;&#39;</span> <span class='ocrx_word' id='word_1_19' title='bbox 394 616 489 672; x_wconf 74' lang='lat' dir='ltr'>Iratus</span> <span class='ocrx_word' id='word_1_20' title='bbox 516 616 604 692; x_wconf 77' lang='lat' dir='ltr'>igitur</span> <span class='ocrx_word' id='word_1_21' title='bbox 628 615 772 672; x_wconf 80' lang='lat' dir='ltr'>cuculus:</span> <span class='ocrx_word' id='word_1_22' title='bbox 806 610 883 668; x_wconf 88' lang='lat' dir='ltr'>“Ne</span> <span class='ocrx_word' id='word_1_23' title='bbox 910 606 1051 677; x_wconf 81' lang='lat' dir='ltr'>inultus,¹&#39;</span> 
     </span>
     <span class='ocr_line' id='line_1_5' title="bbox 147 691 866 769; baseline -0.006 -19"><span class='ocrx_word' id='word_1_24' title='bbox 147 693 249 768; x_wconf 92' lang='lat' dir='ltr'>inquit,</span> <span class='ocrx_word' id='word_1_25' title='bbox 264 701 283 729; x_wconf 87' lang='lat'><strong>“</strong></span> <span class='ocrx_word' id='word_1_26' title='bbox 295 696 412 765; x_wconf 85' lang='lat' dir='ltr'>vivam,‘</span> <span class='ocrx_word' id='word_1_27' title='bbox 427 713 539 769; x_wconf 78' lang='lat' dir='ltr'><strong>semper</strong></span> <span class='ocrx_word' id='word_1_28' title='bbox 553 694 590 750; x_wconf 85' lang='lat' dir='ltr'>de</span> <span class='ocrx_word' id='word_1_29' title='bbox 604 711 650 750; x_wconf 89' lang='lat' dir='ltr'>me</span> <span class='ocrx_word' id='word_1_30' title='bbox 666 693 725 768; x_wconf 92' lang='lat' dir='ltr'>ipse</span> <span class='ocrx_word' id='word_1_31' title='bbox 739 691 866 766; x_wconf 86' lang='lat' dir='ltr'>loquar.”</span> 
     </span>
    </p>

    <p class='ocr_par' dir='ltr' id='par_1_3' title="bbox 146 763 1053 926">
     <span class='ocr_line' id='line_1_6' title="bbox 187 763 1053 848; baseline -0.008 -20"><span class='ocrx_word' id='word_1_32' title='bbox 187 772 261 830; x_wconf 72' lang='lat' dir='ltr'>Haec</span> <span class='ocrx_word' id='word_1_33' title='bbox 281 773 379 830; x_wconf 73' lang='lat' dir='ltr'>fabula</span> <span class='ocrx_word' id='word_1_34' title='bbox 405 791 455 829; x_wconf 91' lang='lat' dir='ltr'>eos</span> <span class='ocrx_word' id='word_1_35' title='bbox 478 783 599 848; x_wconf 86' lang='lat' dir='ltr'>spectat,</span> <span class='ocrx_word' id='word_1_36' title='bbox 623 771 671 847; x_wconf 88' lang='lat' dir='ltr'>qui</span> <span class='ocrx_word' id='word_1_37' title='bbox 693 787 804 846; x_wconf 84' lang='lat' dir='ltr'>semper</span> <span class='ocrx_word' id='word_1_38' title='bbox 825 768 913 826; x_wconf 86' lang='lat' dir='ltr'>dese</span> <span class='ocrx_word' id='word_1_39' title='bbox 934 763 1053 839; x_wconf 73' lang='lat' dir='ltr'>suisque</span> 
     </span>
     <span class='ocr_line' id='line_1_7' title="bbox 146 851 433 926; baseline 0.003 -19"><span class='ocrx_word' id='word_1_40' title='bbox 146 852 258 908; x_wconf 79' lang='lat' dir='ltr'>meritis</span> <span class='ocrx_word' id='word_1_41' title='bbox 269 851 433 926; x_wconf 87' lang='lat' dir='ltr'>loquuntur.</span> 
     </span>
    </p>
   </div>
   <div class='ocr_carea' id='block_1_3' title="bbox 258 1048 937 1132">
    <p class='ocr_par' dir='ltr' id='par_1_4' title="bbox 258 1048 937 1132">
     <span class='ocr_line' id='line_1_8' title="bbox 258 1048 937 1132; baseline -0.01 -18"><span class='ocrx_word' id='word_1_42' title='bbox 258 1058 286 1114; x_wconf 84' lang='grc'>8.</span> <span class='ocrx_word' id='word_1_43' title='bbox 314 1057 374 1114; x_wconf 70' lang='lat' dir='ltr'>Tre</span> <span class='ocrx_word' id='word_1_44' title='bbox 391 1055 480 1132; x_wconf 85' lang='lat' dir='ltr'>Wolf,</span> <span class='ocrx_word' id='word_1_45' title='bbox 496 1056 542 1113; x_wconf 80' lang='lat' dir='ltr'>tlte</span> <span class='ocrx_word' id='word_1_46' title='bbox 556 1056 638 1130; x_wconf 88' lang='lat' dir='ltr'>Dog,</span> <span class='ocrx_word' id='word_1_47' title='bbox 653 1052 713 1111; x_wconf 85' lang='lat' dir='ltr'>and</span> <span class='ocrx_word' id='word_1_48' title='bbox 725 1053 771 1111; x_wconf 78' lang='lat' dir='ltr'>tlte</span> <span class='ocrx_word' id='word_1_49' title='bbox 784 1048 937 1128; x_wconf 78' lang='lat' dir='ltr'>Slveplverd.</span> 
     </span>
    </p>
   </div>
   <div class='ocr_carea' id='block_1_4' title="bbox 148 1185 1055 1812">
    <p class='ocr_par' dir='ltr' id='par_1_5' title="bbox 148 1185 1055 1812">
     <span class='ocr_line' id='line_1_9' title="bbox 187 1185 1053 1270; baseline -0.009 -20"><span class='ocrx_word' id='word_1_50' title='bbox 187 1194 286 1270; x_wconf 84' lang='lat' dir='ltr'>Opilio</span> <span class='ocrx_word' id='word_1_51' title='bbox 300 1193 417 1268; x_wconf 90' lang='lat' dir='ltr'>quidam</span> <span class='ocrx_word' id='word_1_52' title='bbox 437 1194 514 1265; x_wconf 72' lang='lat' dir='ltr'>sard</span> <span class='ocrx_word' id='word_1_53' title='bbox 534 1193 595 1249; x_wconf 66' lang='lat' dir='ltr'>lue‘</span> <span class='ocrx_word' id='word_1_54' title='bbox 609 1202 702 1248; x_wconf 87' lang='lat' dir='ltr'>toturn</span> <span class='ocrx_word' id='word_1_55' title='bbox 727 1209 811 1247; x_wconf 90' lang='lat' dir='ltr'>suum</span> <span class='ocrx_word' id='word_1_56' title='bbox 827 1207 942 1266; x_wconf 82' lang='lat' dir='ltr'>gregem</span> <span class='ocrx_word' id='word_1_57' title='bbox 957 1185 1053 1262; x_wconf 87' lang='lat' dir='ltr'>perdi·</span> 
     </span>
     <span class='ocr_line' id='line_1_10' title="bbox 148 1266 1050 1346; baseline -0.012 -16"><span class='ocrx_word' id='word_1_58' title='bbox 148 1273 240 1330; x_wconf 71' lang='lat' dir='ltr'>dcrat.</span> <span class='ocrx_word' id='word_1_59' title='bbox 290 1271 395 1332; x_wconf 79' lang='lat' dir='ltr'>Quod‘</span> <span class='ocrx_word' id='word_1_60' title='bbox 412 1269 480 1328; x_wconf 77' lang='lat' dir='ltr'>crim</span> <span class='ocrx_word' id='word_1_61' title='bbox 501 1271 587 1345; x_wconf 89' lang='lat' dir='ltr'>lupus</span> <span class='ocrx_word' id='word_1_62' title='bbox 612 1269 804 1346; x_wconf 81' lang='lat' dir='ltr'>cognovisset,</span> <span class='ocrx_word' id='word_1_63' title='bbox 834 1267 867 1323; x_wconf 90' lang='lat' dir='ltr'>ad</span> <span class='ocrx_word' id='word_1_64' title='bbox 893 1266 1050 1341; x_wconf 80' lang='lat' dir='ltr'>opilibnem</span> 
     </span>
     <span class='ocr_line' id='line_1_11' title="bbox 149 1343 1052 1424; baseline -0.011 -16"><span class='ocrx_word' id='word_1_65' title='bbox 149 1351 281 1420; x_wconf 85' lang='lat' dir='ltr'>accessit,</span> <span class='ocrx_word' id='word_1_66' title='bbox 296 1350 426 1406; x_wconf 79' lang='lat' dir='ltr'>doldrem</span> <span class='ocrx_word' id='word_1_67' title='bbox 440 1349 552 1405; x_wconf 90' lang='lat' dir='ltr'>socium</span> <span class='ocrx_word' id='word_1_68' title='bbox 573 1348 601 1406; x_wconf 89' lang='lat' dir='ltr'>ei</span> <span class='ocrx_word' id='word_1_69' title='bbox 623 1347 861 1424; x_wconf 53' lang='lat' dir='ltr'>significaturus!</span> <span class='ocrx_word' id='word_1_70' title='bbox 904 1351 921 1376; x_wconf 89' lang='lat'><strong><em>“</em></strong></span> <span class='ocrx_word' id='word_1_71' title='bbox 933 1343 1052 1419; x_wconf 68' lang='lat' dir='ltr'>Ergone</span> 
     </span>
     <span class='ocr_line' id='line_1_12' title="bbox 149 1423 1053 1500; baseline -0.01 -16"><span class='ocrx_word' id='word_1_72' title='bbox 149 1427 259 1486; x_wconf 85' lang='lat' dir='ltr'>verum‘</span> <span class='ocrx_word' id='word_1_73' title='bbox 285 1429 359 1496; x_wconf 85' lang='lat' dir='ltr'>est,’&#39;</span> <span class='ocrx_word' id='word_1_74' title='bbox 372 1427 474 1500; x_wconf 91' lang='lat' dir='ltr'>inquit,</span> <span class='ocrx_word' id='word_1_75' title='bbox 499 1434 559 1484; x_wconf 90' lang='lat' dir='ltr'>“te</span> <span class='ocrx_word' id='word_1_76' title='bbox 582 1437 691 1483; x_wconf 87' lang='lat' dir='ltr'>tantam</span> <span class='ocrx_word' id='word_1_77' title='bbox 713 1425 815 1482; x_wconf 86' lang='lat' dir='ltr'>fecisse</span> <span class='ocrx_word' id='word_1_78' title='bbox 833 1423 985 1498; x_wconf 82' lang='lat' dir='ltr'>jacturam,</span> <span class='ocrx_word' id='word_1_79' title='bbox 1009 1430 1053 1476; x_wconf 91' lang='lat' dir='ltr'>to·</span> 
     </span>
     <span class='ocr_line' id='line_1_13' title="bbox 149 1497 1053 1580; baseline -0.011 -17"><span class='ocrx_word' id='word_1_80' title='bbox 149 1516 268 1580; x_wconf 92' lang='lat' dir='ltr'>tumque</span> <span class='ocrx_word' id='word_1_81' title='bbox 291 1505 387 1562; x_wconf 90' lang='lat' dir='ltr'>ovium</span> <span class='ocrx_word' id='word_1_82' title='bbox 409 1523 526 1580; x_wconf 87' lang='lat' dir='ltr'>gregem</span> <span class='ocrx_word' id='word_1_83' title='bbox 549 1505 730 1579; x_wconf 66' lang='lat' dir='ltr'>perdidisset</span> <span class='ocrx_word' id='word_1_84' title='bbox 773 1502 858 1559; x_wconf 88' lang='lat' dir='ltr'>Heu!</span> <span class='ocrx_word' id='word_1_85' title='bbox 884 1500 969 1575; x_wconf 73' lang='lat' dir='ltr'>quam</span> <span class='ocrx_word' id='word_1_86' title='bbox 994 1497 1053 1554; x_wconf 78' lang='lat' dir='ltr'>tui!</span> 
     </span>
     <span class='ocr_line' id='line_1_14' title="bbox 149 1576 1053 1643; baseline -0.01 -2"><span class='ocrx_word' id='word_1_87' title='bbox 149 1585 211 1641; x_wconf 81' lang='lat' dir='ltr'>me‘</span> <span class='ocrx_word' id='word_1_88' title='bbox 233 1584 368 1640; x_wconf 68' lang='lat' dir='ltr'>miseret!</span> <span class='ocrx_word' id='word_1_89' title='bbox 408 1584 546 1643; x_wconf 79' lang='lat' dir='ltr'>Quantus</span> <span class='ocrx_word' id='word_1_90' title='bbox 572 1592 616 1639; x_wconf 91' lang='lat' dir='ltr'>est</span> <span class='ocrx_word' id='word_1_91' title='bbox 637 1582 718 1638; x_wconf 88' lang='lat' dir='ltr'>dolor</span> <span class='ocrx_word' id='word_1_92' title='bbox 739 1581 863 1637; x_wconf 85' lang='lat' dir='ltr'>meusi’&#39;</span> <span class='ocrx_word' id='word_1_93' title='bbox 906 1576 1053 1634; x_wconf 79' lang='lat' dir='ltr'>“Gratias</span> 
     </span>
     <span class='ocr_line' id='line_1_15' title="bbox 151 1656 1055 1738; baseline -0.011 -19"><span class='ocrx_word' id='word_1_94' title='bbox 151 1664 235 1738; x_wconf 86' lang='lat' dir='ltr'>ag0,’&#39;</span> <span class='ocrx_word' id='word_1_95' title='bbox 250 1661 397 1736; x_wconf 85' lang='lat' dir='ltr'>respondit</span> <span class='ocrx_word' id='word_1_96' title='bbox 418 1659 523 1735; x_wconf 90' lang='lat' dir='ltr'>opilio;</span> <span class='ocrx_word' id='word_1_97' title='bbox 545 1661 659 1716; x_wconf 90' lang='lat' dir='ltr'>“video</span> <span class='ocrx_word' id='word_1_98' title='bbox 680 1659 722 1716; x_wconf 58' lang='lat' dir='ltr'>te*</span> <span class='ocrx_word' id='word_1_99' title='bbox 738 1657 901 1716; x_wconf 74' lang='lat' dir='ltr'>calamitate</span> <span class='ocrx_word' id='word_1_100' title='bbox 921 1656 986 1712; x_wconf 68' lang='lat' dir='ltr'>mesa</span> <span class='ocrx_word' id='word_1_101' title='bbox 1008 1671 1055 1710; x_wconf 86' lang='lat' dir='ltr'>ve·</span> 
     </span>
     <span class='ocr_line' id='line_1_16' title="bbox 149 1733 1053 1812; baseline -0.009 -16"><span class='ocrx_word' id='word_1_102' title='bbox 149 1739 298 1796; x_wconf 87' lang='lat' dir='ltr'>hementer</span> <span class='ocrx_word' id='word_1_103' title='bbox 310 1736 527 1795; x_wconf 77' lang='lat' dir='ltr'>commotum.”‘</span> <span class='ocrx_word' id='word_1_104' title='bbox 576 1739 728 1812; x_wconf 86' lang='lat' dir='ltr'>“Semper</span> <span class='ocrx_word' id='word_1_105' title='bbox 743 1737 849 1807; x_wconf 88' lang='lat' dir='ltr'>enim,&#39;’</span> <span class='ocrx_word' id='word_1_106' title='bbox 865 1735 945 1792; x_wconf 84' lang='lat' dir='ltr'>addit</span> <span class='ocrx_word' id='word_1_107' title='bbox 961 1733 1053 1802; x_wconf 89' lang='lat' dir='ltr'>canis,</span> 
     </span>
    </p>
   </div>
   <div class='ocr_carea' id='block_1_5' title="bbox 148 1812 1055 1971">
    <p class='ocr_par' dir='ltr' id='par_1_6' title="bbox 148 1812 1055 1971">
     <span class='ocr_line' id='line_1_17' title="bbox 150 1812 1055 1892; baseline -0.007 -19"><span class='ocrx_word' id='word_1_108' title='bbox 150 1823 170 1849; x_wconf 80' lang='lat'>‘⁴</span> <span class='ocrx_word' id='word_1_109' title='bbox 183 1817 282 1874; x_wconf 79' lang='lat' dir='ltr'>dolore</span> <span class='ocrx_word' id='word_1_110' title='bbox 298 1817 419 1873; x_wconf 80' lang='lat' dir='ltr'>afficitur</span> <span class='ocrx_word' id='word_1_111' title='bbox 433 1817 528 1892; x_wconf 89' lang='lat' dir='ltr'>lupus,</span> <span class='ocrx_word' id='word_1_112' title='bbox 542 1815 593 1874; x_wconf 90' lang='lat' dir='ltr'>ubi</span> <span class='ocrx_word' id='word_1_113' title='bbox 613 1835 650 1873; x_wconf 82' lang='lat' dir='ltr'>ex</span> <span class='ocrx_word' id='word_1_114' title='bbox 671 1816 792 1873; x_wconf 80' lang='lat' dir='ltr'>alibrum</span> <span class='ocrx_word' id='word_1_115' title='bbox 814 1813 977 1871; x_wconf 76' lang='lat' dir='ltr'>calamitate</span> <span class='ocrx_word' id='word_1_116' title='bbox 992 1812 1055 1887; x_wconf 83' lang='lat' dir='ltr'>ipse</span> 
     </span>
     <span class='ocr_line' id='line_1_18' title="bbox 148 1894 402 1971; baseline -0.008 -19"><span class='ocrx_word' id='word_1_117' title='bbox 148 1894 291 1971; x_wconf 81' lang='lat' dir='ltr'>jacturam</span> <span class='ocrx_word' id='word_1_118' title='bbox 305 1894 402 1951; x_wconf 76' lang='lat' dir='ltr'>facit‚”</span> 
     </span>
    </p>
   </div>
   <div class='ocr_carea' id='block_1_6' title="bbox 356 2099 844 2176">
    <p class='ocr_par' dir='ltr' id='par_1_7' title="bbox 356 2099 844 2176">
     <span class='ocr_line' id='line_1_19' title="bbox 356 2099 844 2176; baseline -0.006 -17"><span class='ocrx_word' id='word_1_119' title='bbox 356 2101 384 2159; x_wconf 88' lang='lat'>9.</span> <span class='ocrx_word' id='word_1_120' title='bbox 412 2099 563 2158; x_wconf 63' lang='lat' dir='ltr'>rursm</span> <span class='ocrx_word' id='word_1_121' title='bbox 576 2100 695 2158; x_wconf 66' lang='lat' dir='ltr'>aare</span> <span class='ocrx_word' id='word_1_122' title='bbox 706 2100 844 2176; x_wconf 65' lang='lat' dir='ltr'>nonan.</span> 
     </span>
    </p>
   </div>
   <div class='ocr_carea' id='block_1_7' title="bbox 152 2237 1062 3094">
    <p class='ocr_par' dir='ltr' id='par_1_8' title="bbox 152 2237 1062 3094">
     <span class='ocr_line' id='line_1_20' title="bbox 192 2237 1054 2312; baseline -0.002 -16"><span class='ocrx_word' id='word_1_123' title='bbox 192 2238 312 2309; x_wconf 92' lang='lat' dir='ltr'>Lucius,</span> <span class='ocrx_word' id='word_1_124' title='bbox 342 2238 372 2295; x_wconf 94' lang='lat' dir='ltr'>in</span> <span class='ocrx_word' id='word_1_125' title='bbox 407 2257 491 2296; x_wconf 91' lang='lat' dir='ltr'>amne</span> <span class='ocrx_word' id='word_1_126' title='bbox 523 2238 648 2312; x_wconf 87' lang='lat' dir='ltr'>quodam</span> <span class='ocrx_word' id='word_1_127' title='bbox 675 2237 783 2308; x_wconf 87' lang='lat' dir='ltr'>vivens,</span> <span class='ocrx_word' id='word_1_128' title='bbox 816 2237 1054 2312; x_wconf 61' lang='lat' dir='ltr'>pulchritudine!</span> 
     </span>
     <span class='ocr_line' id='line_1_21' title="bbox 153 2314 1058 2394; baseline -0.002 -20"><span class='ocrx_word' id='word_1_129' title='bbox 153 2318 351 2394; x_wconf 80' lang='lat' dir='ltr'>magnitudine</span> <span class='ocrx_word' id='word_1_130' title='bbox 367 2336 400 2373; x_wconf 92' lang='lat' dir='ltr'>ac</span> <span class='ocrx_word' id='word_1_131' title='bbox 414 2318 518 2374; x_wconf 72' lang='lat' dir='ltr'>robore</span> <span class='ocrx_word' id='word_1_132' title='bbox 542 2319 656 2373; x_wconf 70' lang='lat' dir='ltr'>ceteros</span> <span class='ocrx_word' id='word_1_133' title='bbox 671 2316 799 2392; x_wconf 88' lang='lat' dir='ltr'>ejusdem</span> <span class='ocrx_word' id='word_1_134' title='bbox 821 2314 947 2372; x_wconf 83' lang='lat' dir='ltr'>fluminis</span> <span class='ocrx_word' id='word_1_135' title='bbox 961 2316 1058 2390; x_wconf 82' lang='lat' dir='ltr'>pisces</span> 
     </span>
     <span class='ocr_line' id='line_1_22' title="bbox 153 2391 1058 2470; baseline -0.002 -18"><span class='ocrx_word' id='word_1_136' title='bbox 153 2395 240 2470; x_wconf 75' lang='lat' dir='ltr'>longe</span> <span class='ocrx_word' id='word_1_137' title='bbox 255 2395 422 2451; x_wconf 77' lang='lat' dir='ltr'>excedebat.</span> <span class='ocrx_word' id='word_1_138' title='bbox 464 2394 548 2451; x_wconf 87' lang='lat' dir='ltr'>Unde</span> <span class='ocrx_word' id='word_1_139' title='bbox 569 2394 668 2450; x_wconf 90' lang='lat' dir='ltr'>cuncti</span> <span class='ocrx_word' id='word_1_140' title='bbox 683 2391 763 2451; x_wconf 66' lang='lat' dir='ltr'>eum*</span> <span class='ocrx_word' id='word_1_141' title='bbox 786 2393 1009 2463; x_wconf 86' lang='lat' dir='ltr'>admirabantur,</span> <span class='ocrx_word' id='word_1_142' title='bbox 1028 2404 1058 2450; x_wconf 90' lang='lat' dir='ltr'>et</span> 
     </span>
     <span class='ocr_line' id='line_1_23' title="bbox 154 2471 1056 2548; baseline -0.002 -18"><span class='ocrx_word' id='word_1_143' title='bbox 154 2483 290 2546; x_wconf 89' lang='lat' dir='ltr'>tanquam</span> <span class='ocrx_word' id='word_1_144' title='bbox 327 2491 425 2548; x_wconf 86' lang='lat' dir='ltr'>regern</span> <span class='ocrx_word' id='word_1_145' title='bbox 458 2471 604 2547; x_wconf 69' lang='lat' dir='ltr'>praecipue</span> <span class='ocrx_word' id='word_1_146' title='bbox 643 2473 889 2548; x_wconf 88' lang='lat' dir='ltr'>prosequebantur</span> <span class='ocrx_word' id='word_1_147' title='bbox 927 2472 1056 2529; x_wconf 64' lang='lat' dir='ltr'>bonine!</span> 
     </span>
     <span class='ocr_line' id='line_1_24' title="bbox 152 2549 1057 2625; baseline 0 -19"><span class='ocrx_word' id='word_1_148' title='bbox 152 2551 256 2612; x_wconf 82' lang='lat' dir='ltr'>Quare</span> <span class='ocrx_word' id='word_1_149' title='bbox 290 2550 319 2606; x_wconf 94' lang='lat' dir='ltr'>in</span> <span class='ocrx_word' id='word_1_150' title='bbox 353 2551 515 2625; x_wconf 85' lang='lat' dir='ltr'>superbiam</span> <span class='ocrx_word' id='word_1_151' title='bbox 551 2551 654 2620; x_wconf 79' lang='lat' dir='ltr'>elatus,</span> <span class='ocrx_word' id='word_1_152' title='bbox 689 2551 826 2624; x_wconf 79' lang='lat' dir='ltr'>majorem</span> <span class='ocrx_word' id='word_1_153' title='bbox 863 2549 1057 2624; x_wconf 80' lang='lat' dir='ltr'>principatum</span> 
     </span>
     <span class='ocr_line' id='line_1_25' title="bbox 155 2627 1059 2704; baseline -0.001 -19"><span class='ocrx_word' id='word_1_154' title='bbox 155 2629 242 2704; x_wconf 88' lang='lat' dir='ltr'>coepit</span> <span class='ocrx_word' id='word_1_155' title='bbox 263 2631 405 2704; x_wconf 64' lang='lat' dir='ltr'>appetitre.</span> <span class='ocrx_word' id='word_1_156' title='bbox 448 2629 567 2686; x_wconf 85' lang='lat' dir='ltr'>Relicto</span> <span class='ocrx_word' id='word_1_157' title='bbox 588 2629 676 2704; x_wconf 85' lang='lat' dir='ltr'>igitur</span> <span class='ocrx_word' id='word_1_158' title='bbox 692 2627 807 2697; x_wconf 77' lang='lat' dir='ltr'>amne,&#39;”</span> <span class='ocrx_word' id='word_1_159' title='bbox 823 2628 853 2684; x_wconf 90' lang='lat' dir='ltr'>in</span> <span class='ocrx_word' id='word_1_160' title='bbox 874 2647 932 2701; x_wconf 91' lang='lat' dir='ltr'>quo</span> <span class='ocrx_word' id='word_1_161' title='bbox 952 2628 1059 2684; x_wconf 88' lang='lat' dir='ltr'>multos</span> 
     </span>
     <span class='ocr_line' id='line_1_26' title="bbox 155 2706 1057 2782; baseline -0.001 -18"><span class='ocrx_word' id='word_1_162' title='bbox 155 2707 260 2764; x_wconf 73' lang='lat' dir='ltr'>annos&#39;*</span> <span class='ocrx_word' id='word_1_163' title='bbox 285 2709 465 2782; x_wconf 73' lang='lat' dir='ltr'>regnaverat,</span> <span class='ocrx_word' id='word_1_164' title='bbox 495 2726 574 2764; x_wconf 91' lang='lat' dir='ltr'>mare</span> <span class='ocrx_word' id='word_1_165' title='bbox 599 2717 642 2763; x_wconf 90' lang='lat' dir='ltr'>est</span> <span class='ocrx_word' id='word_1_166' title='bbox 666 2706 822 2782; x_wconf 87' lang='lat' dir='ltr'>ingressus,</span> <span class='ocrx_word' id='word_1_167' title='bbox 846 2716 878 2761; x_wconf 90' lang='lat' dir='ltr'>ut</span> <span class='ocrx_word' id='word_1_168' title='bbox 902 2716 931 2762; x_wconf 91' lang='lat' dir='ltr'>et</span> <span class='ocrx_word' id='word_1_169' title='bbox 954 2707 1057 2780; x_wconf 73' lang='lat' dir='ltr'>ipsius⁰</span> 
     </span>
     <span class='ocr_line' id='line_1_27' title="bbox 155 2784 1057 2860; baseline -0.004 -16"><span class='ocrx_word' id='word_1_170' title='bbox 155 2784 307 2860; x_wconf 90' lang='lat' dir='ltr'>imperium</span> <span class='ocrx_word' id='word_1_171' title='bbox 329 2785 385 2841; x_wconf 90' lang='lat' dir='ltr'>sibi</span> <span class='ocrx_word' id='word_1_172' title='bbox 409 2785 577 2842; x_wconf 81' lang='lat' dir='ltr'>vindicaret.</span> <span class='ocrx_word' id='word_1_173' title='bbox 620 2785 679 2842; x_wconf 88' lang='lat' dir='ltr'>Sed</span> <span class='ocrx_word' id='word_1_174' title='bbox 703 2785 853 2842; x_wconf 87' lang='lat' dir='ltr'>offendens</span> <span class='ocrx_word' id='word_1_175' title='bbox 874 2785 1057 2858; x_wconf 70' lang='lat' dir='ltr'>delphinumt</span> 
     </span>
     <span class='ocr_line' id='line_1_28' title="bbox 155 2863 1061 2939; baseline -0.002 -17"><span class='ocrx_word' id='word_1_176' title='bbox 155 2865 235 2922; x_wconf 81' lang='lat' dir='ltr'>mirae</span> <span class='ocrx_word' id='word_1_177' title='bbox 255 2863 472 2939; x_wconf 85' lang='lat' dir='ltr'>magnitudinis,</span> <span class='ocrx_word' id='word_1_178' title='bbox 494 2864 543 2936; x_wconf 89' lang='lat' dir='ltr'>qui</span> <span class='ocrx_word' id='word_1_179' title='bbox 569 2863 598 2920; x_wconf 91' lang='lat' dir='ltr'>in</span> <span class='ocrx_word' id='word_1_180' title='bbox 620 2863 670 2919; x_wconf 88' lang='lat' dir='ltr'>illo</span> <span class='ocrx_word' id='word_1_181' title='bbox 691 2864 840 2938; x_wconf 76' lang='lat' dir='ltr'>regnabat,</span> <span class='ocrx_word' id='word_1_182' title='bbox 862 2863 902 2919; x_wconf 92' lang='lat' dir='ltr'>ita</span> <span class='ocrx_word' id='word_1_183' title='bbox 921 2873 1061 2936; x_wconf 85' lang='lat' dir='ltr'>perterre·</span> 
     </span>
     <span class='ocr_line' id='line_1_29' title="bbox 156 2939 1062 3015; baseline 0.001 -16"><span class='ocrx_word' id='word_1_184' title='bbox 156 2943 250 3000; x_wconf 82' lang='lat' dir='ltr'>sactus</span> <span class='ocrx_word' id='word_1_185' title='bbox 263 2953 316 3011; x_wconf 90' lang='lat' dir='ltr'>est,</span> <span class='ocrx_word' id='word_1_186' title='bbox 332 2952 373 3010; x_wconf 92' lang='lat' dir='ltr'>ut,</span> <span class='ocrx_word' id='word_1_187' title='bbox 388 2941 473 3014; x_wconf 70' lang='lat' dir='ltr'>quarn</span> <span class='ocrx_word' id='word_1_188' title='bbox 487 2944 602 3015; x_wconf 70' lang='lat' dir='ltr'>potetat</span> <span class='ocrx_word' id='word_1_189' title='bbox 617 2939 779 3010; x_wconf 76' lang='lat' dir='ltr'>celerrime,</span> <span class='ocrx_word' id='word_1_190' title='bbox 801 2941 830 2997; x_wconf 95' lang='lat' dir='ltr'>in</span> <span class='ocrx_word' id='word_1_191' title='bbox 849 2960 962 2998; x_wconf 84' lang='lat' dir='ltr'>amnem</span> <span class='ocrx_word' id='word_1_192' title='bbox 976 2959 1062 3000; x_wconf 88' lang='lat' dir='ltr'>suum</span> 
     </span>
     <span class='ocr_line' id='line_1_30' title="bbox 155 3017 888 3094; baseline 0 -18"><span class='ocrx_word' id='word_1_193' title='bbox 155 3020 323 3094; x_wconf 69' lang='lat' dir='ltr'>refugitret,⁹</span> <span class='ocrx_word' id='word_1_194' title='bbox 339 3019 416 3076; x_wconf 91' lang='lat' dir='ltr'>unde</span> <span class='ocrx_word' id='word_1_195' title='bbox 431 3038 490 3075; x_wconf 91' lang='lat' dir='ltr'>non</span> <span class='ocrx_word' id='word_1_196' title='bbox 505 3017 628 3093; x_wconf 75' lang='lat' dir='ltr'>amplius</span> <span class='ocrx_word' id='word_1_197' title='bbox 643 3038 729 3076; x_wconf 86' lang='lat' dir='ltr'>ausus</span> <span class='ocrx_word' id='word_1_198' title='bbox 743 3029 787 3076; x_wconf 86' lang='lat' dir='ltr'>est</span> <span class='ocrx_word' id='word_1_199' title='bbox 801 3023 888 3076; x_wconf 83' lang='lat' dir='ltr'>exite.</span> 
     </span>
    </p>
   </div>
   <div class='ocr_carea' id='block_1_8' title="bbox 162 3182 1056 3334">
    <p class='ocr_par' dir='ltr' id='par_1_9' title="bbox 162 3182 1056 3334">
     <span class='ocr_line' id='line_1_31' title="bbox 162 3182 1055 3269; baseline 0.007 -51"><span class='ocrx_word' id='word_1_200' title='bbox 162 3182 232 3265; x_wconf 44' lang='grc' dir='ltr'>νέξ</span> <span class='ocrx_word' id='word_1_201' title='bbox 330 3183 401 3242; x_wconf 77' lang='lat' dir='ltr'>arsi.</span> <span class='ocrx_word' id='word_1_202' title='bbox 450 3185 525 3269; x_wconf 59' lang='lat' dir='ltr'>pror.</span> <span class='ocrx_word' id='word_1_203' title='bbox 644 3185 718 3235; x_wconf 71' lang='lat' dir='ltr'>jars.</span> <span class='ocrx_word' id='word_1_204' title='bbox 771 3186 844 3224; x_wconf 66' lang='lat' dir='ltr'>arra.</span> <span class='ocrx_word' id='word_1_205' title='bbox 981 3185 1055 3234; x_wconf 70' lang='lat' dir='ltr'>pasc.</span> 
     </span>
     <span class='ocr_line' id='line_1_32' title="bbox 165 3232 1056 3334; baseline 0.013 -21"><span class='ocrx_word' id='word_1_206' title='bbox 165 3253 306 3314; x_wconf 69' lang='lat' dir='ltr'>ossr&#39;easa.</span> <span class='ocrx_word' id='word_1_207' title='bbox 327 3232 402 3324; x_wconf 53' lang='lat' dir='ltr'>idid:</span> <span class='ocrx_word' id='word_1_208' title='bbox 451 3234 622 3330; x_wconf 53' lang='lat' dir='ltr'>rbdipryme.</span> <span class='ocrx_word' id='word_1_209' title='bbox 648 3233 721 3321; x_wconf 57' lang='lat' dir='ltr'>iiiii</span> <span class='ocrx_word' id='word_1_210' title='bbox 771 3235 959 3334; x_wconf 48' lang='lat' dir='ltr'>idibem.</span> <span class='ocrx_word' id='word_1_211' title='bbox 984 3235 1056 3284; x_wconf 49' lang='grc' dir='ltr'>’ω’</span> 
     </span>
    </p>
   </div>
   <div class='ocr_carea' id='block_1_9' title="bbox 0 0 1198 3684">
    <p class='ocr_par' dir='ltr' id='par_1_10' title="bbox 0 0 1198 3684">
     <span class='ocr_line' id='line_1_33' title="bbox 0 0 1198 3684; baseline 0 0"><span class='ocrx_word' id='word_1_212' title='bbox 0 0 1198 3684; x_wconf 95' lang='lat' dir='ltr'> </span> 
     </span>
    </p>
   </div>
  </div>
 </body>
</html>
